2002 3674
84 202 127 293 n
343 198 682 265 cnnnrnn

87 509 152 589 An
171 500 278 582 detur
293 497 467 579 Materia
486 513 612 604 expers
627 497 789 579 Forma?
830 501 904 606 Neg

146 687 261 757 UOT,
282 688 300 723 ⁸
314 687 437 754 Murro,
456 701 547 743 rerum
560 685 648 746 cernis
662 685 806 756 miracula,
824 685 888 745 dono

205 778 345 838 Divorum
358 774 463 852 Elysios
475 773 543 833 dnm
555 775 625 852 petis
638 775 737 855 hospes
750 777 844 856 agros!

89 876 148 936 Hie
161 873 306 933 simulacra
314 870 408 947 jacent
419 867 546 927 saxorum
555 881 644 928 rnorte
656 884 810 940 carentum,

130 968 189 1028 Hic
201 965 303 1046 speculi
316 982 420 1032 manes,
440 981 572 1039 armaque
584 962 679 1023 sunsit
691 965 795 1024 nitent:

88 1067 152 1130 Illic
172 1085 222 1144 per
239 1078 352 1138 campos
371 1059 448 1118 siuvii
460 1057 598 1118 delabitur
609 1059 720 1134 umbre,

129 1161 167 1219 Et
177 1157 246 1216 levis
258 1157 288 1213 in
300 1153 377 1212 tenni
388 1153 503 1212 flumine
514 1155 617 1230 cymba
627 1169 719 1216 notate

90 1254 149 1314 Hic
158 1249 240 1309 vacui
250 1246 348 1315 sentes,
366 1247 414 1305 hic
426 1248 517 1308 dumis
530 1248 626 1326 aspera
634 1248 715 1327 sylva

131 1342 236 1420 Surgit,
256 1352 284 1398 et
302 1338 332 1396 in
344 1340 427 1398 tamir
448 1338 504 1397 ales
523 1339 618 1418 imago
637 1341 723 1400 canit.

92 1433 147 1492 His
160 1431 231 1492 adeo
243 1432 273 1490 in
286 1431 402 1508 campie,
422 1432 545 1500 Marato,
561 1431 622 1508 jam
635 1450 700 1492 vera
712 1431 848 1513 patescunt

132 1525 248 1595 Omnia,
268 1543 331 1602 qnae
352 1537 429 1582 vates
453 1525 589 1583 edocuere
611 1525 662 1584 tui.

95 1617 203 1697 Aspicis
216 1615 265 1674 en!
286 1634 382 1675 omnes
394 1635 486 1677 rerunt
498 1615 554 1676 sine
566 1633 681 1695 corpore
692 1615 808 1690 immae,

133 1714 172 1771 Et
192 1709 304 1770 carnin
329 1709 429 1768 animis
446 1698 565 1788 eorpora
588 1710 667 1770 nulla
689 1711 777 1771 vider.

97 1995 163 2076 An
194 1990 314 2072 eadem
332 1985 450 2099 Caujir
465 1984 647 2096 producat
679 1981 904 2098 diversurus)

353 2098 527 2206 fissum?
585 2097 687 2182 Aff‘.

101 2290 193 2419 AU
204 2291 231 2350 R
242 2293 280 2360 A,
299 2287 541 2368 Hypoeondriacie
553 2284 657 2347 inclusa
669 2288 817 2362 meatibn'r,
835 2295 898 2368 urges

221 2385 336 2444 Pedona
348 2383 459 2443 diversis
472 2381 542 2441 vatis
555 2383 656 2441 anhela
668 2383 772 2442 modis.

100 2484 173 2561 Qae
186 2478 207 2536 fi
219 2478 357 2536 turbatam
367 2475 514 2534 descendat
525 2481 613 2553 'prona
624 2495 673 2555 per
683 2477 793 2548 alvum,

141 2570 280 2629 Emittunt
290 2567 353 2625 fitrae
370 2574 511 2626 murmura
523 2586 608 2629 renea
619 2582 711 2629 neten:

103 2665 153 2728 Sin
165 2676 250 2743 capnt
262 2659 408 2722 ascendens
421 2659 529 2719 summi
540 2661 696 2722 dominetur
709 2664 738 2722 in
751 2684 824 2735 arce,

143 2759 252 2820 Divino
269 2755 368 2836 plenus
388 2753 501 2814 fiamine
520 2761 612 2834 preco
634 2770 732 2818 tumet.

105 2851 220 2913 scandit
230 2851 322 2920 rostra,
342 2867 445 2907 novam
456 2846 548 2908 lucem
560 2861 589 2907 et
600 2850 852 2929 mysterinjadtans,

147 2945 184 3003 Et
196 2943 295 3024 vulgne
308 2942 372 3002 miri
383 2939 485 3020 pendet
498 2939 534 2998 ab
547 2959 595 3000 ore
607 2941 670 3002 viri.

107 3041 148 3098 At
159 3057 194 3097 ne
206 3036 369 3116 plus'nimio
380 3042 496 3104 tumeas,
514 3033 662 3106 Fanatice3
680 3038 783 3103 eodem

147 3131 278 3192 Nascitur
289 3151 307 3191 a
318 3130 385 3190 flatu
395 3129 514 3210 relligio
532 3141 561 3191 et
572 3132 701 3210 crepitet.

227 3301 248 3366 ‚⁶
258 3299 396 3379 Spectator,
414 3303 464 3364 No.
479 3302 527 3382 56.
