2002 3674
91 171 130 235 ὠ
346 167 686 234 CARMINA

85 301 156 378 Qris
168 310 252 379 negat
264 299 404 358 accensam
417 300 538 358 manfisse
551 299 599 358 sub
611 301 711 368 aethere
722 301 882 362 flammam?

123 393 243 470 Accepit
260 391 394 467 jaculum,
413 391 533 450 reddidit
553 411 619 452 aura
637 392 737 452 facem.

155 637 223 720 An
251 639 384 718 Forma
410 637 470 717 det
496 637 558 746 effe
585 641 709 749 Rei?
749 640 850 722 Aff‘.

90 825 191 950 DU
203 827 237 884 M
256 826 396 885 celebrant
417 844 542 903 proceres
562 825 634 884 Italo
653 825 689 883 de
708 845 785 884 more
805 827 930 897 choreas,

205 919 241 976 Et
263 918 345 976 sumit
365 918 468 975 formas
488 917 593 975 ludicra
614 918 695 975 turba
715 938 817 986 novas;

91 1010 205 1069 Nobilis
224 1012 269 1069 hic
287 1013 376 1071 latitat
396 1011 463 1068 servi
483 1009 532 1068 sub
554 1012 636 1080 vesle,
655 1013 792 1090 pedesque

131 1106 245 1163 Aulicus
269 1106 384 1163 indocili
406 1106 551 1162 rusticitate
575 1119 678 1163 movet.

96 1195 154 1255 Hic
173 1211 248 1255 tenet
265 1200 293 1255 in
314 1197 580 1275 gremio-simulatus
600 1197 729 1272 Phyllida
749 1199 853 1274 pastor;

134 1288 194 1348 Hic
216 1310 266 1348 rex
288 1291 396 1348 sidlitius
421 1290 525 1368 sceptra
548 1291 690 1348 tremenda
702 1293 781 1368 gerit.

95 1380 154 1439 Hic
166 1380 245 1440 saltat
254 1383 361 1458 juvenis
373 1385 524 1460 quondam,
544 1402 618 1439 nunc
631 1383 745 1441 foemina
759 1384 894 1453 Caeneum

135 1472 253 1551 Deperit
276 1475 404 1552 ignotum
426 1475 489 1532 ficta
510 1474 602 1550 puella
624 1494 748 1550 procum.

97 1565 282 1644 Moschusque
294 1580 321 1624 et
333 1567 434 1625 Suecus
451 1566 589 1642 conjunsli
605 1587 674 1643 pace
689 1567 821 1637 seruntur,

133 1659 170 1716 Et
187 1660 243 1717 coit
261 1661 290 1717 in
308 1662 396 1718 mixto
408 1661 504 1720 Turca
515 1660 664 1739 Scotusque
680 1663 774 1720 choro.

99 1753 177 1830 Qid
189 1772 245 1811 non
257 1754 347 1812 forma
359 1756 462 1830 potest?
473 1756 609 1822 Turcum,
624 1756 771 1831 Suecumq3
793 1755 930 1834 Scotumq,¹

136 1847 254 1927 Regem,
273 1849 418 1924 pastorem,
436 1848 573 1926 Phyllida,
591 1847 668 1906 larva
684 1833 760 1906 facit.

130 2098 196 2176 An
215 2122 310 2174 omne
329 2096 470 2192 vivens,
501 2095 674 2204 quamdiu
699 2095 825 2192 vivat,
860 2127 928 2177 nu·

197 2232 237 2240 ··
354 2208 520 2286 triatur?
577 2206 676 2288 Aff‘.

106 2345 257 2468 Hospes
269 2348 434 2427 praepinguis
447 2350 517 2408 bene
531 2362 612 2417 notae,
633 2349 741 2415 Cobbe,
760 2349 882 2426 popinae,

220 2442 314 2519 Qraim
327 2443 378 2498 tibi
389 2444 418 2498 in
430 2441 562 2499 immenso
575 2459 688 2515 corpore
700 2441 775 2498 tensa
789 2445 874 2500 cutis!

104 2529 147 2588 Ut
158 2534 261 2607 gravis,
280 2545 361 2609 atque
372 2533 484 2589 oneroso
497 2533 547 2588 slas
560 2531 707 2589 abdomine
718 2533 810 2590 tardus
822 2538 828 2591 l

145 2625 285 2682 Prominet
308 2638 337 2682 ut
359 2626 416 2682 lato
438 2624 517 2682 nasus
541 2624 570 2680 in
593 2643 639 2681 ore
661 2625 757 2682 ruber!

107 2717 182 2776 cum
193 2719 298 2777 nullam
311 2719 424 2776 assumas
437 2719 536 2787 escam,
555 2719 755 2795 stomachumq;
774 2733 899 2778 ruentem

146 2804 294 2891 Apposnae'
309 2828 446 2892 nequeant
468 2813 611 2872 sollicitare
635 2814 729 2890 dapes,

107 2907 224 2986 Pinguia
237 2908 303 2986 quid
315 2923 423 2985 reparat
434 2907 551 2965 sudantis
565 2907 686 2984 pondera
697 2905 804 2963 massae?

21 3011 28 3017 ”
146 3003 204 3060 Cur
215 3002 266 3060 tibi
276 3021 330 3060 non
343 3013 437 3058 tenuat
448 2998 573 3055 membra
584 2998 688 3055 caduca
700 2996 805 3053 sames?

108 3095 168 3156 En!
190 3098 237 3166 ait,
256 3095 391 3154 exsiccans
404 3092 536 3173 grandem
549 3110 599 3168 pro
611 3109 686 3147 more
695 3090 835 3167 lagenam,

148 3193 176 3250 Ie
191 3191 267 3265 „bene
286 3191 419 3268 pascetur,
438 3185 485 3266 qui
504 3185 573 3246 bene
594 3196 674 3262 potus
694 3183 754 3242 erit.
