2002 3674
91 199 154 247 100
352 178 688 248 CARMINA

88 295 161 354 Mox
174 295 270 356 didicit
280 296 410 375 pulchros
421 318 473 376 pro
486 297 613 358 liberate
623 297 731 358 labores

127 389 208 448 Plebs
218 404 330 468 experta
339 402 429 459 mum,
448 391 517 452 saeve
530 389 663 470 Superbe,
678 390 793 472 jugum:

88 477 173 537 Hisce
184 500 219 538 ex
230 481 382 559 principiis,
401 495 484 563 atque
495 480 548 541 hic
556 481 592 539 ab
601 482 709 560 origine
718 483 814 552 duda,

125 570 183 630 Res
195 570 465 651 homiuumimpetio
477 571 600 633 maxima
612 569 706 633 Roma
717 575 802 652 regit.

83 755 155 836 'An
166 757 414 868 Idemstmper
432 778 525 866 agat
543 756 672 838 Idem?
708 759 890 838 Affirmat

180 912 271 990 Roica
280 911 349 970 dum
359 911 431 972 fessae
442 910 607 990 linquebant
618 928 684 967 arva
696 910 811 982 carinae,

219 1007 237 1043 *
257 1007 379 1066 Iliadum
389 1008 439 1066 tali
450 1006 623 1066 littoravoce
635 1003 746 1065 sonant.

87 1091 183 1152 Dicite
196 1116 255 1165 vos,
275 1100 354 1176 ponti
366 1119 428 1175 quae
438 1099 543 1158 coerula
554 1096 672 1165 vertitis,
693 1115 778 1168 aurae,

127 1185 194 1262 Quo
203 1189 329 1247 miseram
340 1189 428 1245 sistent
438 1190 554 1246 flamina
562 1189 650 1245 vestra
661 1187 727 1246 loco
740 1193 751 1245 i

87 1279 165 1344 Num
175 1282 244 1362 juga
255 1285 378 1364 Taygeti
389 1285 476 1343 uisam
485 1283 621 1341 bacchata
631 1283 743 1351 nivalis,

126 1374 192 1453 Qud
204 1376 324 1435 celebrat
337 1378 416 1435 seslos
429 1377 536 1436 Dorica
547 1376 671 1452 nympha
684 1376 810 1433 choros?

88 1468 143 1526 Seu
154 1468 230 1526 lavat
238 1469 325 1526 llissus
338 1467 441 1526 sacram
453 1466 509 1544 quai
520 1464 639 1525 Palladis
650 1464 761 1532 urbem,

125 1559 279 1640 Testaque,
299 1583 361 1639 quae
369 1562 495 1621 Charites
505 1560 678 1638 Pieridesque
688 1561 812 1619 colunt?

87 1649 163 1710 Tum
175 1670 259 1730 cogar
270 1654 331 1711 telae
341 1653 451 1713 These'a
462 1654 583 1711 intexere
595 1651 679 1720 salla,
714 1677 716 1682 ’

126 1743 164 1802 Et
172 1746 277 1822 pallam
288 1747 383 1806 artifici
394 1747 508 1825 pingere
519 1745 596 1803 serva
606 1764 701 1803 manu.

88 1836 154 1896 Heu
165 1842 283 1915 patriam
295 1844 302 1898 s
317 1841 495 1916 heuTrojam
504 1838 658 1898 incensam!
671 1855 730 1896 nun
740 1837 803 1898 haec
810 1850 857 1896 tua
869 1849 890 1896 tt

127 1931 170 1986 Ex
181 1930 397 2007 oculiaunquam
410 1931 489 1988 cedet
499 1933 594 2008 imago
604 1930 682 1987 meis.
790 1923 793 1930 ’

89 2023 162 2102 Qua
173 2040 219 2080 rue
231 2041 340 2100 cunque
351 2025 437 2102 agitat
447 2023 566 2090 fortuna,
585 2022 636 2080 hos
649 2020 733 2098 usque
746 2019 868 2092 doloret,

126 2115 190 2177 Hot
203 2129 307 2175 certum
320 2119 357 2176 est
367 2117 441 2196 aegri
453 2135 521 2178 voce
532 2118 629 2175 iterare
642 2115 732 2175 sonos.

85 2299 156 2385 ¹An
188 2307 312 2410 Imago
345 2306 418 2384 Rei
445 2305 485 2384 in
511 2307 638 2383 Mente
656 2304 890 2386 conveniatc

212 2431 357 2535 Objesso
375 2447 482 2511 extra
502 2431 696 2511 Mentem?
726 2429 826 2513 Affi.

164 2587 238 2643 Antu
253 2588 274 2661 †
286 2587 359 2645 fallit
369 2587 420 2644 iter
429 2586 535 2644 rediens
548 2585 597 2644 sub
607 2586 717 2664 vespere
726 2587 838 2656 messor,

200 2683 276 2743 Cium
286 2680 373 2763 politti
385 2682 414 2741 in
426 2695 535 2760 tergum
547 2681 618 2740 salce
628 2681 730 2740 remisit
741 2701 824 2759 opus.

8 2778 12 2787 ’
90 2779 244 2837 Immemor
254 2775 371 2835 anteaffi
383 2791 510 2832 curarum
522 2771 665 2852 operisque
677 2772 745 2839 diei,

129 2870 158 2930 It
168 2870 243 2930 lento
253 2888 355 2937 vanua
369 2871 434 2928 laeta
446 2886 494 2945 per
507 2886 573 2925 arva
583 2867 673 2945 pede:

375 3043 394 3079 ³
412 3040 541 3116 Euripidis
553 3038 666 3098 Hecuba.

334 3135 356 3210 †
376 3132 505 3210 Psezzsures
516 3135 551 3211 ⁰f
560 3130 796 3212 thelmagriratr'on.
828 3221 858 3282 0

489 3270 496 3277 ·
860 3239 890 3284 CC
