2002 3674
87 230 132 301 a
341 204 688 275 CARMINA

90 467 158 551 'An
190 465 298 548 detur
326 463 529 546 circulatio
565 464 674 546 Sacri
705 466 747 548 in
776 467 893 554 Plana

434 594 477 672 N
479 610 620 700 egatur.
638 621 641 626 ·

142 794 248 856 ututur
261 796 280 834 ⁸
292 795 414 856 occurras
424 791 540 854 Natura
552 793 657 873 aperire
668 775 789 858 iareim

182 889 319 961 Halefius,
337 890 452 949 Veteres
463 909 525 968 qua
538 888 653 960 latuere,
671 889 773 950 docet:

91 986 202 1066 impete
212 1003 270 1064 quo
281 983 386 1044 sursum
398 982 496 1053 tendit,
515 1001 571 1063 quo
584 984 693 1045 tramite
704 985 832 1049 Plantam

130 1077 249 1136 Corticis
261 1073 377 1135 inclusus
389 1075 511 1154 tegmine
522 1072 616 1134 succus
631 1075 691 1134 alit.

90 1168 206 1228 Radieis
218 1168 320 1229 bibulae
329 1187 379 1247 per
389 1167 496 1226 hiantes
508 1166 612 1245 pabula
623 1168 707 1229 fibras

128 1264 255 1335 imbibit,
273 1276 304 1324 ut
314 1281 400 1323 verno
412 1262 510 1323 Planta
522 1263 615 1323 calore
626 1264 713 1343 viget.

90 1355 156 1416 Sole
167 1357 297 1417 laceffitus
309 1355 394 1436 surgit
404 1353 566 1435 vegetabilis
575 1355 685 1424 humor,

128 1451 311 1531 Attralloque
322 1467 405 1509 cavos
417 1462 535 1526 occupat
546 1467 628 1506 amne
641 1447 733 1507 tubus.

90 1542 162 1602 Inde
176 1544 343 1604 canaliculos
356 1541 478 1622 aliosque
488 1541 609 1620 aliosque
621 1562 764 1620 pererrans

130 1637 247 1698 Arboris
260 1637 294 1696 ad
305 1637 424 1696 summas
436 1635 537 1695 emicat
549 1633 632 1715 usque
644 1655 749 1696 comas.

89 1729 143 1791 Per
152 1731 257 1792 frondis
270 1753 354 1791 venas
364 1730 477 1791 exsudat
488 1729 590 1788 inutilis
602 1730 713 1799 humor,

131 1826 167 1885 Et
179 1827 342 1886 rarescentes
352 1825 481 1905 excoquit
491 1825 562 1904 ignis
577 1843 673 1902 aquas.

90 1918 177 1996 Quid,
196 1920 217 1978 fi
230 1937 286 1978 non
298 1919 391 1978 lutcus
402 1931 516 1996 peragat
526 1917 700 1977 circumfluus
710 1918 817 1990 orbern,

64 2016 68 2027 “
128 2011 192 2070 Nec
203 2030 292 2091 prono
304 2031 394 2071 ramos
404 2012 513 2090 perluat
526 2030 608 2068 amne
618 2013 704 2071 redux
716 2015 728 2070 l

88 2104 201 2184 Sparsos
212 2126 262 2185 per
270 2105 382 2168 frondes
394 2104 494 2164 emittit
507 2105 604 2164 Planta
616 2106 747 2184 liquores,

128 2199 208 2277 Qus
218 2198 326 2280 supplet
335 2198 426 2269 tellus,
446 2210 476 2255 ut
489 2197 567 2255 bibat
579 2196 663 2276 usque
675 2217 775 2258 novos.

90 2439 156 2516 An
173 2436 422 2558 Juemstmper
439 2452 532 2542 ngat
550 2433 682 2516 Idem?
712 2437 893 2519 Affirmatt

180 2638 277 2700 Alibus
290 2639 389 2699 affatur
400 2639 511 2700 flentem
524 2643 545 2717 †
556 2639 679 2701 Narcill'a
691 2641 857 2714 ministram,

216 2740 341 2798 Fatalem
353 2740 470 2799 traheret
481 2741 544 2800 cbrn
558 2739 724 2800 moribunda
735 2741 826 2800 diem.

85 2830 155 2890 Nun
166 2834 264 2894 humili
275 2835 380 2915 pompei
391 2837 474 2894 trilles
486 2835 623 2894 celebrare
634 2849 788 2914 perempta

123 2924 272 3005 Exequias,
292 2942 353 2987 tuus
364 2930 410 2988 hic
423 2929 534 2987 ultimus
546 2929 602 2987 ello
613 2925 704 2986 labor.

124 3078 143 3114 '
162 3081 214 3140 Dr.
226 3083 578 3163 Halcs'sl'egetabIeStaticr.

123 3177 145 3255 †
163 3179 397 3257 Prpe'slmitatiorrs
406 3187 439 3261 of
444 3184 551 3242 Horace.
