<?xml version="1.0" encoding="UTF-8"?>
<!DOCTYPE html PUBLIC "-//W3C//DTD XHTML 1.0 Transitional//EN"
    "http://www.w3.org/TR/xhtml1/DTD/xhtml1-transitional.dtd">
<html xmlns="http://www.w3.org/1999/xhtml" xml:lang="en" lang="en">
 <head>
  <title>
</title>
<meta http-equiv="Content-Type" content="text/html;charset=utf-8" />
  <meta name='ocr-system' content='tesseract 3.04.00' />
  <meta name='ocr-capabilities' content='ocr_page ocr_carea ocr_par ocr_line ocrx_word'/>
</head>
<body>
  <div class='ocr_page' id='page_1' title='image "./carminaquadrage01oxfogoog_0101.png"; bbox 0 0 2002 3674; ppageno 0'>
   <div class='ocr_carea' id='block_1_1' title="bbox 90 164 689 257">
    <p class='ocr_par' dir='ltr' id='par_1_1' title="bbox 90 164 689 257">
     <span class='ocr_line' id='line_1_1' title="bbox 90 164 689 257; baseline 0.01 -30"><span class='ocrx_word' id='word_1_1' title='bbox 90 190 135 257; x_wconf 51' lang='lat' dir='ltr'>q</span> <span class='ocrx_word' id='word_1_2' title='bbox 346 164 689 234; x_wconf 75' lang='lat' dir='ltr'>cnnmrnn</span> 
     </span>
    </p>
   </div>
   <div class='ocr_carea' id='block_1_2' title="bbox 87 284 796 461">
    <p class='ocr_par' dir='ltr' id='par_1_2' title="bbox 87 284 796 461">
     <span class='ocr_line' id='line_1_2' title="bbox 87 284 752 365; baseline 0.005 -22"><span class='ocrx_word' id='word_1_3' title='bbox 87 286 226 345; x_wconf 83' lang='lat' dir='ltr'>Nouimus</span> <span class='ocrx_word' id='word_1_4' title='bbox 238 284 379 365; x_wconf 81' lang='lat' dir='ltr'>ingenium</span> <span class='ocrx_word' id='word_1_5' title='bbox 391 284 462 344; x_wconf 75' lang='lat' dir='ltr'>febri</span> <span class='ocrx_word' id='word_1_6' title='bbox 468 312 479 353; x_wconf 84' lang='lat'>;</span> <span class='ocrx_word' id='word_1_7' title='bbox 498 298 559 345; x_wconf 87' lang='lat' dir='ltr'>rota</span> <span class='ocrx_word' id='word_1_8' title='bbox 571 285 629 345; x_wconf 80' lang='lat' dir='ltr'>siaa</span> <span class='ocrx_word' id='word_1_9' title='bbox 640 286 752 347; x_wconf 83' lang='lat' dir='ltr'>tabellae</span> 
     </span>
     <span class='ocr_line' id='line_1_3' title="bbox 128 381 796 461; baseline 0.001 -19"><span class='ocrx_word' id='word_1_10' title='bbox 128 383 188 442; x_wconf 92' lang='lat' dir='ltr'>Dat</span> <span class='ocrx_word' id='word_1_11' title='bbox 199 396 315 452; x_wconf 87' lang='lat' dir='ltr'>motum,</span> <span class='ocrx_word' id='word_1_12' title='bbox 334 382 448 441; x_wconf 83' lang='lat' dir='ltr'>dederat</span> <span class='ocrx_word' id='word_1_13' title='bbox 457 401 541 461; x_wconf 89' lang='lat' dir='ltr'>quem</span> <span class='ocrx_word' id='word_1_14' title='bbox 552 381 631 441; x_wconf 86' lang='lat' dir='ltr'>faber</span> <span class='ocrx_word' id='word_1_15' title='bbox 643 397 708 442; x_wconf 87' lang='lat' dir='ltr'>ante</span> <span class='ocrx_word' id='word_1_16' title='bbox 719 398 796 443; x_wconf 83' lang='lat' dir='ltr'>rotae.</span> 
     </span>
    </p>
   </div>
   <div class='ocr_carea' id='block_1_3' title="bbox 143 600 878 748">
    <p class='ocr_par' dir='ltr' id='par_1_3' title="bbox 143 600 878 748">
     <span class='ocr_line' id='line_1_4' title="bbox 143 600 878 748; baseline 0.003 -24"><span class='ocrx_word' id='word_1_17' title='bbox 143 649 209 724; x_wconf 89' lang='lat' dir='ltr'>An</span> <span class='ocrx_word' id='word_1_18' title='bbox 225 640 473 748; x_wconf 82' lang='lat' dir='ltr'>Idemsemper</span> <span class='ocrx_word' id='word_1_19' title='bbox 490 657 582 746; x_wconf 86' lang='lat' dir='ltr'>agat</span> <span class='ocrx_word' id='word_1_20' title='bbox 600 600 731 723; x_wconf 72' lang='lat' dir='ltr'>Idem?</span> <span class='ocrx_word' id='word_1_21' title='bbox 788 643 878 726; x_wconf 58' lang='grc' dir='ltr'>ΑΗΚ</span> 
     </span>
    </p>
   </div>
   <div class='ocr_carea' id='block_1_4' title="bbox 86 824 926 2664">
    <p class='ocr_par' dir='ltr' id='par_1_4' title="bbox 86 824 926 2664">
     <span class='ocr_line' id='line_1_5' title="bbox 90 824 808 957; baseline -0.001 -67"><span class='ocrx_word' id='word_1_22' title='bbox 90 832 237 957; x_wconf 82' lang='lat' dir='ltr'>CAupo‚</span> <span class='ocrx_word' id='word_1_23' title='bbox 255 831 373 889; x_wconf 77' lang='lat' dir='ltr'>viatores</span> <span class='ocrx_word' id='word_1_24' title='bbox 385 824 484 886; x_wconf 74' lang='lat' dir='ltr'>meliis</span> <span class='ocrx_word' id='word_1_25' title='bbox 497 825 553 905; x_wconf 80' lang='lat' dir='ltr'>qud</span> <span class='ocrx_word' id='word_1_26' title='bbox 566 828 679 886; x_wconf 85' lang='lat' dir='ltr'>inducat</span> <span class='ocrx_word' id='word_1_27' title='bbox 691 829 808 901; x_wconf 79' lang='lat' dir='ltr'>hiantes,</span> 
     </span>
     <span class='ocr_line' id='line_1_6' title="bbox 197 920 737 1001; baseline -0.002 -17"><span class='ocrx_word' id='word_1_28' title='bbox 197 927 336 1001; x_wconf 87' lang='lat' dir='ltr'>Antiquos</span> <span class='ocrx_word' id='word_1_29' title='bbox 349 920 448 1000; x_wconf 83' lang='lat' dir='ltr'>satagit</span> <span class='ocrx_word' id='word_1_30' title='bbox 459 922 643 981; x_wconf 82' lang='lat' dir='ltr'>condecorare</span> <span class='ocrx_word' id='word_1_31' title='bbox 654 924 737 983; x_wconf 83' lang='lat' dir='ltr'>lares.</span> 
     </span>
     <span class='ocr_line' id='line_1_7' title="bbox 87 1014 753 1095; baseline 0 -20"><span class='ocrx_word' id='word_1_32' title='bbox 87 1016 238 1077; x_wconf 81' lang='lat' dir='ltr'>Instaurata</span> <span class='ocrx_word' id='word_1_33' title='bbox 250 1017 349 1074; x_wconf 84' lang='lat' dir='ltr'>domus</span> <span class='ocrx_word' id='word_1_34' title='bbox 360 1015 448 1072; x_wconf 86' lang='lat' dir='ltr'>multo</span> <span class='ocrx_word' id='word_1_35' title='bbox 461 1014 530 1071; x_wconf 89' lang='lat' dir='ltr'>nitet</span> <span class='ocrx_word' id='word_1_36' title='bbox 538 1014 645 1092; x_wconf 84' lang='lat' dir='ltr'>hospite</span> <span class='ocrx_word' id='word_1_37' title='bbox 657 1016 753 1095; x_wconf 89' lang='lat' dir='ltr'>digna,</span> 
     </span>
     <span class='ocr_line' id='line_1_8' title="bbox 125 1106 812 1186; baseline 0 -16"><span class='ocrx_word' id='word_1_38' title='bbox 125 1112 179 1170; x_wconf 84' lang='lat' dir='ltr'>Sed</span> <span class='ocrx_word' id='word_1_39' title='bbox 193 1111 289 1169; x_wconf 89' lang='lat' dir='ltr'>tabula</span> <span class='ocrx_word' id='word_1_40' title='bbox 301 1108 337 1167; x_wconf 85' lang='lat' dir='ltr'>ad</span> <span class='ocrx_word' id='word_1_41' title='bbox 349 1121 458 1186; x_wconf 85' lang='lat' dir='ltr'>portam</span> <span class='ocrx_word' id='word_1_42' title='bbox 471 1106 593 1185; x_wconf 79' lang='lat' dir='ltr'>pendula</span> <span class='ocrx_word' id='word_1_43' title='bbox 604 1109 700 1167; x_wconf 88' lang='lat' dir='ltr'>deerat</span> <span class='ocrx_word' id='word_1_44' title='bbox 712 1111 812 1170; x_wconf 90' lang='lat' dir='ltr'>adhuc.</span> 
     </span>
     <span class='ocr_line' id='line_1_9' title="bbox 86 1199 789 1279; baseline -0.003 -18"><span class='ocrx_word' id='word_1_45' title='bbox 86 1203 221 1261; x_wconf 70' lang='lat' dir='ltr'>Pictorem</span> <span class='ocrx_word' id='word_1_46' title='bbox 233 1201 353 1267; x_wconf 73' lang='lat' dir='ltr'>accersit,</span> <span class='ocrx_word' id='word_1_47' title='bbox 374 1199 485 1277; x_wconf 88' lang='lat' dir='ltr'>qualem</span> <span class='ocrx_word' id='word_1_48' title='bbox 497 1199 546 1256; x_wconf 90' lang='lat' dir='ltr'>dat</span> <span class='ocrx_word' id='word_1_49' title='bbox 555 1200 663 1268; x_wconf 88' lang='lat' dir='ltr'>villula,</span> <span class='ocrx_word' id='word_1_50' title='bbox 682 1221 789 1279; x_wconf 84' lang='lat' dir='ltr'>caupo;</span> 
     </span>
     <span class='ocr_line' id='line_1_10' title="bbox 126 1292 687 1372; baseline -0.002 -19"><span class='ocrx_word' id='word_1_51' title='bbox 126 1296 172 1365; x_wconf 90' lang='lat' dir='ltr'>Et,</span> <span class='ocrx_word' id='word_1_52' title='bbox 192 1295 242 1352; x_wconf 87' lang='lat' dir='ltr'>fibi</span> <span class='ocrx_word' id='word_1_53' title='bbox 253 1296 382 1372; x_wconf 84' lang='lat' dir='ltr'>pingatur</span> <span class='ocrx_word' id='word_1_54' title='bbox 394 1292 496 1350; x_wconf 90' lang='lat' dir='ltr'>nobilis</span> <span class='ocrx_word' id='word_1_55' title='bbox 509 1293 578 1361; x_wconf 88' lang='lat' dir='ltr'>ursa,</span> <span class='ocrx_word' id='word_1_56' title='bbox 596 1308 687 1372; x_wconf 88' lang='lat' dir='ltr'>rogat.</span> 
     </span>
     <span class='ocr_line' id='line_1_11' title="bbox 86 1385 892 1467; baseline 0.005 -22"><span class='ocrx_word' id='word_1_57' title='bbox 86 1385 178 1445; x_wconf 81' lang='lat' dir='ltr'>Ursa?</span> <span class='ocrx_word' id='word_1_58' title='bbox 200 1389 267 1467; x_wconf 90' lang='lat' dir='ltr'>quid</span> <span class='ocrx_word' id='word_1_59' title='bbox 281 1386 341 1444; x_wconf 85' lang='lat' dir='ltr'>ursa</span> <span class='ocrx_word' id='word_1_60' title='bbox 352 1387 461 1464; x_wconf 78' lang='lat' dir='ltr'>placet?</span> <span class='ocrx_word' id='word_1_61' title='bbox 482 1387 530 1464; x_wconf 87' lang='lat' dir='ltr'>qui</span> <span class='ocrx_word' id='word_1_62' title='bbox 542 1406 588 1444; x_wconf 89' lang='lat' dir='ltr'>me</span> <span class='ocrx_word' id='word_1_63' title='bbox 601 1387 661 1444; x_wconf 77' lang='lat' dir='ltr'>satis</span> <span class='ocrx_word' id='word_1_64' title='bbox 675 1389 763 1459; x_wconf 88' lang='lat' dir='ltr'>audit,</span> <span class='ocrx_word' id='word_1_65' title='bbox 781 1389 892 1457; x_wconf 75' lang='lat' dir='ltr'>odoram</span> 
     </span>
     <span class='ocr_line' id='line_1_12' title="bbox 124 1464 712 1553; baseline 0.003 -19"><span class='ocrx_word' id='word_1_66' title='bbox 124 1478 216 1535; x_wconf 77' lang='lat' dir='ltr'>Pictor</span> <span class='ocrx_word' id='word_1_67' title='bbox 237 1479 276 1534; x_wconf 85' lang='lat' dir='ltr'>ait</span> <span class='ocrx_word' id='word_1_68' title='bbox 295 1477 386 1553; x_wconf 77' lang='lat' dir='ltr'>potins</span> <span class='ocrx_word' id='word_1_69' title='bbox 403 1464 522 1552; x_wconf 69' lang='lat' dir='ltr'>postulat</span> <span class='ocrx_word' id='word_1_70' title='bbox 541 1477 589 1535; x_wconf 86' lang='lat' dir='ltr'>ille</span> <span class='ocrx_word' id='word_1_71' title='bbox 607 1476 712 1547; x_wconf 70' lang='lat' dir='ltr'>rosam,</span> 
     </span>
     <span class='ocr_line' id='line_1_13' title="bbox 87 1567 770 1648; baseline 0.003 -20"><span class='ocrx_word' id='word_1_72' title='bbox 87 1568 215 1648; x_wconf 70' lang='lat' dir='ltr'>Quaque</span> <span class='ocrx_word' id='word_1_73' title='bbox 226 1568 294 1626; x_wconf 87' lang='lat' dir='ltr'>solet</span> <span class='ocrx_word' id='word_1_74' title='bbox 304 1568 393 1626; x_wconf 84' lang='lat' dir='ltr'>crinea</span> <span class='ocrx_word' id='word_1_75' title='bbox 406 1586 505 1627; x_wconf 88' lang='lat' dir='ltr'>ornare</span> <span class='ocrx_word' id='word_1_76' title='bbox 517 1567 673 1629; x_wconf 80' lang='lat' dir='ltr'>bibentibus</span> <span class='ocrx_word' id='word_1_77' title='bbox 686 1569 770 1642; x_wconf 87' lang='lat' dir='ltr'>intra,</span> 
     </span>
     <span class='ocr_line' id='line_1_14' title="bbox 128 1661 688 1740; baseline 0 -20"><span class='ocrx_word' id='word_1_78' title='bbox 128 1663 229 1740; x_wconf 86' lang='lat' dir='ltr'>Aptior</span> <span class='ocrx_word' id='word_1_79' title='bbox 241 1663 301 1719; x_wconf 74' lang='lat' dir='ltr'>haec</span> <span class='ocrx_word' id='word_1_80' title='bbox 312 1661 398 1720; x_wconf 86' lang='lat' dir='ltr'>index</span> <span class='ocrx_word' id='word_1_81' title='bbox 409 1663 521 1740; x_wconf 88' lang='lat' dir='ltr'>ponitur</span> <span class='ocrx_word' id='word_1_82' title='bbox 533 1676 597 1722; x_wconf 90' lang='lat' dir='ltr'>ante</span> <span class='ocrx_word' id='word_1_83' title='bbox 608 1661 688 1722; x_wconf 76' lang='lat' dir='ltr'>fores.</span> 
     </span>
     <span class='ocr_line' id='line_1_15' title="bbox 87 1751 886 1834; baseline -0.004 -19"><span class='ocrx_word' id='word_1_84' title='bbox 87 1752 147 1816; x_wconf 79' lang='lat' dir='ltr'>Der</span> <span class='ocrx_word' id='word_1_85' title='bbox 159 1755 239 1823; x_wconf 88' lang='lat' dir='ltr'>mihi,</span> <span class='ocrx_word' id='word_1_86' title='bbox 254 1773 348 1833; x_wconf 82' lang='lat' dir='ltr'>caupo</span> <span class='ocrx_word' id='word_1_87' title='bbox 361 1755 452 1824; x_wconf 85' lang='lat' dir='ltr'>refert,</span> <span class='ocrx_word' id='word_1_88' title='bbox 472 1755 548 1834; x_wconf 93' lang='lat' dir='ltr'>quod</span> <span class='ocrx_word' id='word_1_89' title='bbox 560 1775 670 1833; x_wconf 77' lang='lat' dir='ltr'>quaero:</span> <span class='ocrx_word' id='word_1_90' title='bbox 690 1755 822 1815; x_wconf 80' lang='lat' dir='ltr'>notabilia</span> <span class='ocrx_word' id='word_1_91' title='bbox 833 1751 886 1815; x_wconf 76' lang='lat' dir='ltr'>ursi</span> 
     </span>
     <span class='ocr_line' id='line_1_16' title="bbox 126 1844 896 1924; baseline 0.001 -21"><span class='ocrx_word' id='word_1_92' title='bbox 126 1845 241 1924; x_wconf 84' lang='lat' dir='ltr'>Semper</span> <span class='ocrx_word' id='word_1_93' title='bbox 252 1861 311 1904; x_wconf 82' lang='lat' dir='ltr'>erat</span> <span class='ocrx_word' id='word_1_94' title='bbox 319 1846 417 1905; x_wconf 83' lang='lat' dir='ltr'>domur</span> <span class='ocrx_word' id='word_1_95' title='bbox 427 1847 499 1912; x_wconf 83' lang='lat' dir='ltr'>haec,</span> <span class='ocrx_word' id='word_1_96' title='bbox 518 1858 641 1922; x_wconf 82' lang='lat' dir='ltr'>notaque</span> <span class='ocrx_word' id='word_1_97' title='bbox 651 1844 758 1924; x_wconf 86' lang='lat' dir='ltr'>semper</span> <span class='ocrx_word' id='word_1_98' title='bbox 768 1847 831 1907; x_wconf 89' lang='lat' dir='ltr'>erit.</span> <span class='ocrx_word' id='word_1_99' title='bbox 892 1910 896 1919; x_wconf 34' lang='lat'><strong>¹</strong></span> 
     </span>
     <span class='ocr_line' id='line_1_17' title="bbox 86 1936 714 2017; baseline 0.002 -21"><span class='ocrx_word' id='word_1_100' title='bbox 86 1936 160 1998; x_wconf 78' lang='lat' dir='ltr'>Ursa</span> <span class='ocrx_word' id='word_1_101' title='bbox 170 1940 263 2017; x_wconf 91' lang='lat' dir='ltr'>igitur,</span> <span class='ocrx_word' id='word_1_102' title='bbox 282 1939 351 1998; x_wconf 83' lang='lat' dir='ltr'>fistc</span> <span class='ocrx_word' id='word_1_103' title='bbox 363 1938 414 1997; x_wconf 89' lang='lat' dir='ltr'>tibi</span> <span class='ocrx_word' id='word_1_104' title='bbox 427 1939 477 1997; x_wconf 72' lang='lat' dir='ltr'>stat</span> <span class='ocrx_word' id='word_1_105' title='bbox 488 1939 632 2006; x_wconf 79' lang='lat' dir='ltr'>sententia,</span> <span class='ocrx_word' id='word_1_106' title='bbox 651 1940 714 2006; x_wconf 71' lang='lat' dir='ltr'>fiete</span> 
     </span>
     <span class='ocr_line' id='line_1_18' title="bbox 125 2026 738 2103; baseline 0 -17"><span class='ocrx_word' id='word_1_107' title='bbox 125 2029 180 2087; x_wconf 86' lang='lat' dir='ltr'>Sed</span> <span class='ocrx_word' id='word_1_108' title='bbox 192 2049 304 2100; x_wconf 88' lang='lat' dir='ltr'>moneo,</span> <span class='ocrx_word' id='word_1_109' title='bbox 319 2042 351 2103; x_wconf 45' lang='lat' dir='ltr'>,et</span> <span class='ocrx_word' id='word_1_110' title='bbox 362 2028 459 2087; x_wconf 85' lang='lat' dir='ltr'>malim</span> <span class='ocrx_word' id='word_1_111' title='bbox 471 2028 529 2101; x_wconf 81' lang='lat' dir='ltr'>¹hat,</span> <span class='ocrx_word' id='word_1_112' title='bbox 549 2029 648 2095; x_wconf 81' lang='lat' dir='ltr'>amice,</span> <span class='ocrx_word' id='word_1_113' title='bbox 667 2026 738 2087; x_wconf 91' lang='lat' dir='ltr'>rosa.</span> 
     </span>
     <span class='ocr_line' id='line_1_19' title="bbox 86 2118 812 2199; baseline 0.006 -21"><span class='ocrx_word' id='word_1_114' title='bbox 86 2118 162 2179; x_wconf 89' lang='lat' dir='ltr'>Dein</span> <span class='ocrx_word' id='word_1_115' title='bbox 172 2121 250 2197; x_wconf 87' lang='lat' dir='ltr'>operi</span> <span class='ocrx_word' id='word_1_116' title='bbox 262 2120 398 2179; x_wconf 69' lang='lat' dir='ltr'>accindue</span> <span class='ocrx_word' id='word_1_117' title='bbox 409 2132 488 2198; x_wconf 84' lang='lat' dir='ltr'>parat</span> <span class='ocrx_word' id='word_1_118' title='bbox 497 2138 547 2179; x_wconf 89' lang='lat' dir='ltr'>ora</span> <span class='ocrx_word' id='word_1_119' title='bbox 557 2133 585 2179; x_wconf 88' lang='lat' dir='ltr'>et</span> <span class='ocrx_word' id='word_1_120' title='bbox 596 2119 711 2199; x_wconf 83' lang='lat' dir='ltr'>pingere</span> <span class='ocrx_word' id='word_1_121' title='bbox 724 2119 793 2182; x_wconf 80' lang='lat' dir='ltr'>setar</span> <span class='ocrx_word' id='word_1_122' title='bbox 800 2146 812 2192; x_wconf 78' lang='lat'>3</span> 
     </span>
     <span class='ocr_line' id='line_1_20' title="bbox 126 2211 926 2295; baseline -0.001 -25"><span class='ocrx_word' id='word_1_123' title='bbox 126 2213 181 2271; x_wconf 83' lang='lat' dir='ltr'>Sed</span> <span class='ocrx_word' id='word_1_124' title='bbox 192 2213 291 2272; x_wconf 87' lang='lat' dir='ltr'>solium</span> <span class='ocrx_word' id='word_1_125' title='bbox 302 2212 523 2272; x_wconf 78' lang='lat' dir='ltr'>assuetae&#39;sormat</span> <span class='ocrx_word' id='word_1_126' title='bbox 536 2211 641 2272; x_wconf 90' lang='lat' dir='ltr'>arundo</span> <span class='ocrx_word' id='word_1_127' title='bbox 653 2212 732 2270; x_wconf 79' lang='lat' dir='ltr'>rosa:</span> <span class='ocrx_word' id='word_1_128' title='bbox 923 2288 926 2295; x_wconf 90' lang='lat'><em>.</em></span> 
     </span>
     <span class='ocr_line' id='line_1_21' title="bbox 88 2302 856 2387; baseline 0.001 -21"><span class='ocrx_word' id='word_1_129' title='bbox 88 2305 162 2366; x_wconf 79' lang='lat' dir='ltr'>cnm</span> <span class='ocrx_word' id='word_1_130' title='bbox 175 2326 233 2385; x_wconf 83' lang='lat' dir='ltr'>per,</span> <span class='ocrx_word' id='word_1_131' title='bbox 253 2307 373 2384; x_wconf 77' lang='lat' dir='ltr'>cumque</span> <span class='ocrx_word' id='word_1_132' title='bbox 385 2307 480 2366; x_wconf 80' lang='lat' dir='ltr'>minax</span> <span class='ocrx_word' id='word_1_133' title='bbox 492 2302 608 2367; x_wconf 80' lang='lat' dir='ltr'>describi</span> <span class='ocrx_word' id='word_1_134' title='bbox 619 2305 736 2384; x_wconf 83' lang='lat' dir='ltr'>postulat</span> <span class='ocrx_word' id='word_1_135' title='bbox 747 2307 856 2387; x_wconf 81' lang='lat' dir='ltr'>unguis,</span> 
     </span>
     <span class='ocr_line' id='line_1_22' title="bbox 126 2398 699 2480; baseline 0 -24"><span class='ocrx_word' id='word_1_136' title='bbox 126 2399 245 2460; x_wconf 68' lang='lat' dir='ltr'>Dilecta</span> <span class='ocrx_word' id='word_1_137' title='bbox 258 2401 366 2459; x_wconf 86' lang='lat' dir='ltr'>caulem</span> <span class='ocrx_word' id='word_1_138' title='bbox 378 2400 427 2461; x_wconf 91' lang='lat' dir='ltr'>dat</span> <span class='ocrx_word' id='word_1_139' title='bbox 438 2421 536 2462; x_wconf 81' lang='lat' dir='ltr'>manue</span> <span class='ocrx_word' id='word_1_140' title='bbox 549 2416 615 2480; x_wconf 88' lang='lat' dir='ltr'>apta</span> <span class='ocrx_word' id='word_1_141' title='bbox 627 2398 699 2458; x_wconf 83' lang='lat' dir='ltr'>rosae.</span> 
     </span>
     <span class='ocr_line' id='line_1_23' title="bbox 88 2492 789 2577; baseline 0.004 -26"><span class='ocrx_word' id='word_1_142' title='bbox 88 2492 210 2551; x_wconf 78' lang='lat' dir='ltr'>ondam</span> <span class='ocrx_word' id='word_1_143' title='bbox 223 2494 333 2552; x_wconf 80' lang='lat' dir='ltr'>artificis</span> <span class='ocrx_word' id='word_1_144' title='bbox 346 2495 486 2555; x_wconf 85' lang='lat' dir='ltr'>dextram!</span> <span class='ocrx_word' id='word_1_145' title='bbox 507 2498 650 2577; x_wconf 83' lang='lat' dir='ltr'>panthera,</span> <span class='ocrx_word' id='word_1_146' title='bbox 668 2494 789 2565; x_wconf 88' lang='lat' dir='ltr'>leonem,</span> 
     </span>
     <span class='ocr_line' id='line_1_24' title="bbox 126 2581 857 2664; baseline 0.003 -24"><span class='ocrx_word' id='word_1_147' title='bbox 126 2581 237 2652; x_wconf 84' lang='lat' dir='ltr'>Ursam,</span> <span class='ocrx_word' id='word_1_148' title='bbox 257 2585 390 2664; x_wconf 83' lang='lat' dir='ltr'>aquilam,</span> <span class='ocrx_word' id='word_1_149' title='bbox 409 2599 518 2649; x_wconf 84' lang='lat' dir='ltr'>taurum</span> <span class='ocrx_word' id='word_1_150' title='bbox 528 2592 590 2648; x_wconf 82' lang='lat' dir='ltr'>viai</span> <span class='ocrx_word' id='word_1_151' title='bbox 609 2587 688 2646; x_wconf 81' lang='lat' dir='ltr'>dabit</span> <span class='ocrx_word' id='word_1_152' title='bbox 699 2587 748 2645; x_wconf 85' lang='lat' dir='ltr'>illa</span> <span class='ocrx_word' id='word_1_153' title='bbox 759 2585 857 2646; x_wconf 84' lang='lat' dir='ltr'>rosam.</span> 
     </span>
    </p>
   </div>
   <div class='ocr_carea' id='block_1_5' title="bbox 88 2860 925 3060">
    <p class='ocr_par' dir='ltr' id='par_1_5' title="bbox 88 2860 925 3060">
     <span class='ocr_line' id='line_1_25' title="bbox 88 2860 925 3055; baseline -0.005 -108"><span class='ocrx_word' id='word_1_154' title='bbox 88 2867 153 2947; x_wconf 84' lang='lat' dir='ltr'>An</span> <span class='ocrx_word' id='word_1_155' title='bbox 164 2864 337 2946; x_wconf 84' lang='lat' dir='ltr'>Materia</span> <span class='ocrx_word' id='word_1_156' title='bbox 332 2865 389 2972; x_wconf 81' lang='lat' dir='ltr'>stt</span> <span class='ocrx_word' id='word_1_157' title='bbox 395 2881 520 3055; x_wconf 47' lang='lat' dir='ltr'>Rapina</span> <span class='ocrx_word' id='word_1_158' title='bbox 534 2870 688 2950; x_wconf 88' lang='lat' dir='ltr'>omnium</span> <span class='ocrx_word' id='word_1_159' title='bbox 700 2860 925 2949; x_wconf 73' lang='lat' dir='ltr'>Formarum?</span> 
     </span>
     <span class='ocr_line' id='line_1_26' title="bbox 477 2995 631 3060; baseline 0.045 -7"><span class='ocrx_word' id='word_1_160' title='bbox 477 2995 631 3060; x_wconf 87' lang='lat' dir='ltr'>rmatur.</span> 
     </span>
    </p>
   </div>
   <div class='ocr_carea' id='block_1_6' title="bbox 88 3138 761 3319">
    <p class='ocr_par' dir='ltr' id='par_1_6' title="bbox 88 3138 761 3319">
     <span class='ocr_line' id='line_1_27' title="bbox 88 3138 761 3283; baseline 0.006 -67"><span class='ocrx_word' id='word_1_161' title='bbox 88 3156 160 3283; x_wconf 80' lang='lat' dir='ltr'>IN</span> <span class='ocrx_word' id='word_1_162' title='bbox 182 3158 270 3216; x_wconf 80' lang='lat' dir='ltr'>variar</span> <span class='ocrx_word' id='word_1_163' title='bbox 291 3159 379 3219; x_wconf 83' lang='lat' dir='ltr'>facilis</span> <span class='ocrx_word' id='word_1_164' title='bbox 401 3138 473 3221; x_wconf 70' lang='lat' dir='ltr'>fletu</span> <span class='ocrx_word' id='word_1_165' title='bbox 494 3159 629 3242; x_wconf 83' lang='lat' dir='ltr'>mirasque</span> <span class='ocrx_word' id='word_1_166' title='bbox 650 3160 761 3239; x_wconf 80' lang='lat' dir='ltr'>figurae,</span> 
     </span>
     <span class='ocr_line' id='line_1_28' title="bbox 177 3250 746 3319; baseline 0 -7"><span class='ocrx_word' id='word_1_167' title='bbox 177 3250 309 3314; x_wconf 82' lang='lat' dir='ltr'>Sueverat</span> <span class='ocrx_word' id='word_1_168' title='bbox 319 3252 434 3313; x_wconf 66' lang='lat' dir='ltr'>udices</span> <span class='ocrx_word' id='word_1_169' title='bbox 446 3253 540 3315; x_wconf 88' lang='lat' dir='ltr'>ludere</span> <span class='ocrx_word' id='word_1_170' title='bbox 552 3254 645 3319; x_wconf 80' lang='lat' dir='ltr'>cinna</span> <span class='ocrx_word' id='word_1_171' title='bbox 654 3253 746 3313; x_wconf 81' lang='lat' dir='ltr'>ruder.</span> 
     </span>
    </p>
   </div>
   <div class='ocr_carea' id='block_1_7' title="bbox 0 0 1009 3674">
    <p class='ocr_par' dir='ltr' id='par_1_7' title="bbox 0 0 1009 3674">
     <span class='ocr_line' id='line_1_29' title="bbox 0 0 1009 3674; baseline 0 0"><span class='ocrx_word' id='word_1_172' title='bbox 0 0 1009 3674; x_wconf 95' lang='lat' dir='ltr'> </span> 
     </span>
    </p>
   </div>
  </div>
 </body>
</html>
