2002 3674
78 192 718 286 QUADRAGESIMALI‘A.
786 190 841 279 27‘

60 458 169 538 endem
188 461 266 538 Cau
281 487 306 536 a
320 457 463 563 semper
475 451 655 560 producat
685 447 829 531 ezendum

154 586 371 694 Effectum?
410 585 645 664 Affirmatur.

60 792 165 862 Onna,
187 795 204 828 '¹‘
216 793 348 852 iascivum
361 789 480 850 resoluta
491 786 617 868 liquescit
630 790 659 848 in
672 791 777 870 ignem,

60 927 62 937 .
105 886 164 941 Aut
175 884 233 942 abit
246 886 273 941 in
285 883 381 942 molles
390 882 496 961 singula
507 881 630 959 nympha
640 882 732 943 Notos
747 903 754 938 ι

60 978 164 1056 riosque
175 981 285 1036 trahens
298 978 417 1045 haustus,
430 975 581 1035 tenuiffima
592 976 673 1036 turba

60 1071 105 1132 ·sat
118 1075 154 1133 ad
167 1073 288 1132 aestivum
301 1071 394 1130 lucida
405 1071 530 1129 membra
540 1069 632 1146 jubar.

60 1180 82 1224 et
95 1167 187 1224 adhuc
197 1167 300 1224 circum
312 1164 409 1224 molles
423 1163 535 1242 operosa
547 1166 654 1242 puellas
760 1188 767 1195 ’

60 1257 127 1327 sari,
145 1270 174 1317 et
185 1277 296 1318 veneres
306 1257 479 1336 suppeditare
490 1277 586 1337 nouas.

60 1396 64 1420 ‚
79 1349 121 1411 uti
132 1352 228 1413 dulces
241 1351 438 1411 commendent
447 1349 542 1410 oscula
553 1349 630 1421 risus,

59 1447 103 1506 ior
113 1461 144 1505 ut
153 1447 249 1508 sensrtn
260 1447 376 1527 prodeat
385 1467 433 1506 ore
445 1446 546 1506 rubor:

63 1541 134 1600 atiat
145 1559 269 1620 comptos
283 1543 429 1601 animosior
441 1561 508 1600 aura
519 1541 646 1619 capillos,

60 1655 69 1693 :
83 1634 170 1694 foedet
182 1636 310 1714 pulchras
321 1635 429 1713 pustula
439 1634 511 1693 saeva
520 1655 605 1712 genas
617 1657 625 1693 ι

60 1749 155 1788 recens
166 1729 276 1789 maruli
289 1730 407 1788 violetur
419 1748 540 1806 purpura
552 1728 631 1804 pam,

60 1824 126 1882 :idat
136 1838 185 1882 aut
195 1824 278 1883 niveo
289 1822 411 1901 pendula
421 1841 535 1901 gemma
546 1822 613 1880 finu.

60 1937 93 1975 ra
106 1918 294 1995 nympharum
306 1937 406 1978 vacuas
417 1930 562 1977 tenuentur
572 1917 602 1976 in
614 1936 704 1989 amar,

60 2016 145 2078 studia
154 2015 184 2076 in
195 2016 312 2078 memori
321 2018 434 2096 pestere
445 2014 533 2094 prisca
545 2028 669 2076 manent.

60 2228 346 2369 VnCoelumagat
363 2263 403 2343 in
421 2258 637 2366 irfiriora?
667 2259 772 2344 Affr.

60 2454 146 2521 ἈΙΑ,
165 2453 239 2523 veni,
259 2446 398 2528 Zephyris
411 2448 504 2508 etleni
514 2447 626 2509 mollior
637 2447 715 2520 auri,

60 2587 62 2598 ,
104 2544 194 2612 Maia,
212 2545 286 2614 veni,
305 2541 377 2602 ludit
389 2555 417 2602 tt
429 2542 561 2603 comitata
570 2542 669 2605 choris.
733 2574 736 2579 ·

60 2650 112 2694 ate
125 2635 243 2716 fugiunt,
262 2637 314 2697 tibi
325 2635 449 2715 splendet
460 2637 567 2697 lucidus
577 2637 672 2708 aether,
774 2669 778 2675 ·

60 2729 137 2803 >licat
148 2743 175 2786 et
185 2730 287 2806 primas
297 2728 406 2788 daedala
418 2742 490 2785 terra
497 2727 579 2786 rosas.

60 2821 141 2878 'enus
150 2820 209 2898 jaun
221 2840 294 2879 nunc
307 2819 425 2878 ridentes
437 2819 541 2895 migrat
552 2817 582 2875 in
595 2836 686 2895 agros,

60 2909 153 2970 festiva
163 2911 230 2971 levis
241 2930 304 2969 rura
316 2922 435 2988 pererrat
447 2910 545 2966 Amor.

204 3065 222 3101 ³·
241 3063 327 3139 Pope's
339 3063 410 3140 Rapo
419 3063 502 3139 osthe
510 3063 583 3122 noct.

370 3214 402 3276 Ν
413 3234 430 3275 2
