2002 3674
20 156 29 171 ’
112 123 199 262 ἐκ,
378 168 720 241 carum

116 471 185 562 'An
195 472 391 582 produrtus
407 470 454 552 ab
472 500 541 552 uno
550 471 866 581 AgenteEffiusur
883 473 984 562 idem

150 615 295 667 numero
305 583 462 692 produci
472 585 573 690 pofflt
591 585 638 665 ab
654 586 759 667 alio?
814 590 939 705 Neg'.
993 670 997 675 .

117 766 259 897 DUM
269 771 374 851 pleslro
387 772 406 807 ⁸*
418 770 528 841 fidicen,
547 770 627 831 molli
639 771 748 832 reclinis
759 772 790 830 in
801 773 904 847 herbd,
943 798 948 803 ·

238 861 356 920 Orditur
365 861 473 919 varium
485 859 542 919 sole
553 859 669 919 cadente
680 863 766 920 melos
772 886 783 930 ;

115 953 200 1016 Forte
212 954 291 1035 super
302 953 457 1029 Philontela
469 973 585 1031 querens
594 938 751 1017 iniser'abile
762 974 876 1024 carmen

156 1047 238 1118 Sistit,
257 1059 287 1106 et
298 1045 414 1104 insuetos
424 1044 512 1104 ebibit
523 1064 587 1104 aure
598 1044 686 1105 sonoe.
792 1120 794 1124 Α

115 1136 181 1198 Nec
192 1156 282 1206 monn
304 1157 377 1216 nunc
390 1139 496 1198 alterna
506 1157 618 1209 canens,
637 1139 821 1220 quodcunque
830 1142 929 1223 periti·

153 1234 293 1313 Exprimit
304 1235 350 1294 hic
361 1234 464 1314 digitis,
483 1246 592 1314 gutture
603 1234 694 1293 reddit
707 1236 776 1295 avia.

115 1324 146 1388 si
160 1328 206 1388 fila
217 1342 328 1408 argutos
338 1329 457 1389 reserant
469 1329 632 1407 crepitantia
643 1330 726 1401 rivos,
754 1398 758 1404 ,

154 1420 227 1480 Haec
237 1441 348 1500 quoque
358 1421 484 1481 deciduae
494 1440 635 1480 murmura
646 1420 739 1480 fundit
749 1440 843 1500 aquae.

118 1512 149 1573 ui
163 1533 260 1573 nervus
272 1513 378 1574 bellum
389 1515 506 1583 simulet,
524 1513 698 1593 sonitumque
708 1515 854 1588 tubarum,

154 1605 239 1664 Hanc
250 1606 396 1686 clangente
407 1619 486 1684 putes
498 1625 553 1665 aere
566 1606 638 1664 ciere
648 1606 763 1684 globos..

116 1697 185 1757 Non
197 1699 260 1758 tulit
271 1700 325 1758 hnc
338 1700 448 1760 fidicen.
487 1699 561 1768 Hos,
580 1699 631 1757 hoe
642 1699 712 1758 refer
725 1701 827 1760 aemule
839 1714 959 1775 antu»,

156 1793 186 1849 Si
198 1805 287 1868 potes,
305 1806 333 1850 et
345 1793 456 1850 citharae
468 1791 548 1848 cedet
558 1790 647 1848 inanis
661 1791 767 1850 honor..

116 1882 197 1941 Dixit
202 1906 211 1948 ς
231 1893 259 1938 et
271 1896 328 1939 arte
340 1881 413 1940 novi
422 1881 580 1940 discrimina
591 1880 669 1939 mille
681 1883 845 1957 modorum,

155 1974 259 2052 Qalia
270 1974 318 2032 vix
329 1993 453 2052 unquam
463 1973 526 2034 lufit
534 1973 651 2050 Apollo,
670 1974 757 2034 dedit.

114 2066 243 2126 Motibus
255 2068 298 2126 his
309 2068 409 2144 impar,
428 2067 527 2144 impar,
546 2066 710 2136 Philomela,
728 2066 830 2139 dolori,

155 2159 280 2238 Desuper
296 2161 326 2219 in
344 2161 461 2220 chordas
479 2161 635 2220 exanimata
654 2161 738 2220 cadis.

27 2286 35 2293 -
116 2249 200 2311 Salia
213 2253 435 2312 tamenleuaest.
477 2250 857 2330 Carmenfiprimatulisteu.

137 2342 289 2406 ·Nescissct
308 2361 438 2408 numeror
461 2344 509 2406 ille
530 2345 630 2406 referre
654 2355 724 2403 tuoe.

124 2622 192 2708 'An
209 2624 289 2703 Ass
298 2623 358 2730 stt
377 2620 776 2743 perferiz'orNutura?
832 2621 961 2733 Nega

115 2809 245 2932 CUM
263 2810 388 2891 Canibri,
407 2830 495 2890 nuper
506 2808 674 2870 celebrantes
686 2827 778 2866 annua
789 2805 869 2879 festu,

226 2905 375 2968 Gestatunt
383 2908 466 2986 patrii
478 2907 557 2986 signa
566 2905 701 2983 decusque
712 2902 778 2971 solia

113 2995 231 3056 Cuttilue
243 3003 291 3058 ens
312 3014 394 3059 tenne
404 3001 478 3077 porri
490 2997 592 3057 fastidit
603 2997 718 3062 odores,
788 2998 792 3004 ’

128 3098 133 3104 “
149 3088 229 3153 Hinc
239 3090 367 3170 lepidum
374 3091 506 3150 decorant
517 3089 607 3149 serice
613 3087 688 3168 sigua
698 3098 797 3165 caput.

225 3243 510 3338 etiannum.
547 3256 680 3336 Phillips's
693 3254 835 3337 eastun.
