2002 3674
83 204 128 273 μ
340 178 680 248 CARMINA

97 458 162 538 An
181 455 317 536 Omnia
334 469 449 561 agant
461 470 532 561 per
550 452 794 554 Contentum?
824 454 928 537 Aff'.

85 641 226 764 Vicino
242 660 278 699 ex
297 642 377 700 horto
398 640 551 699 redolentia
569 657 655 716 poma
675 639 803 717 magistro

186 733 319 812 Arguitur
336 751 430 791 coram
450 731 600 808 surripuisse
620 749 697 807 puer.

85 826 144 903 Qri
156 827 256 886 suerint
276 828 399 894 comites,
418 827 572 903 iterumque
595 825 748 902 iterumque
769 833 893 902 rogatus,

124 917 229 988 Nemo,
248 919 348 997 inquit,
367 917 440 975 certe
460 937 552 986 nemo,
572 917 707 994 magister,
727 929 795 973 erat.

86 1008 209 1069 Diduslri
221 1011 287 1068 hinc
306 1012 368 1077 rite,
387 1022 414 1067 et
437 1008 524 1086 posrtsa
536 1009 595 1085 post
606 1024 716 1085 tergora
738 1009 829 1079 veste,‘

125 1103 259 1168 Tollitur,
277 1122 347 1179 eque
358 1103 478 1160 humeris
499 1099 591 1158 flebile
602 1099 706 1176 pendet
717 1118 796 1164 onus.

87 1193 140 1253 Nil
151 1209 246 1254 movet
256 1195 329 1253 hunc
346 1194 447 1272 pudor,
470 1208 517 1251 aut
531 1193 626 1251 ostensi
637 1192 748 1253 viminis
760 1195 869 1266 horror,

127 1287 179 1345 Nil
202 1287 309 1346 vibrata
329 1288 407 1365 super
426 1300 522 1366 terque
541 1299 692 1364 quaterque
706 1304 816 1344 manus.

87 1379 165 1458 Qin
173 1380 233 1455 jam
245 1380 340 1439 dextra
351 1388 414 1438 ruat
425 1378 527 1437 vindex
537 1403 547 1445 3
566 1396 635 1455 quos
646 1378 754 1454 integra
764 1375 840 1436 sures

126 1473 291 1542 Diffimulat,
309 1475 408 1550 prodet
425 1491 491 1532 mox
508 1473 627 1532 lacerata
647 1470 726 1529 cutis.

89 1724 155 1804 An
180 1723 284 1832 Vrsus
299 1722 381 1831 fiat
395 1720 732 1910 brecqpttgffobjec'li
763 1718 948 1828 Imagini*

418 1860 459 1909 tts
599 1839 622 1912 ¹.

89 2016 263 2140 Exercent
277 2015 384 2076 Phoebo
401 2013 488 2074 sacrat
506 2015 525 2053 ³*
539 2013 668 2095 Ogilvius
689 2027 770 2087 artes,

180 2109 272 2169 Vertit
283 2110 314 2168 in
324 2109 475 2189 Angliacos
486 2111 574 2168 Arma
589 2108 744 2187 Virumque
761 2109 872 2170 modos.

89 2198 217 2281 Pingitur
233 2203 338 2262 AEncas
359 2201 494 2280 quantum
513 2203 550 2262 til
574 2215 692 2261 mutatus
705 2201 813 2271 abillo,

61 2332 65 2337 -
130 2295 224 2373 Qem
244 2295 334 2353 stricio
357 2295 498 2354 ardentem
520 2296 635 2355 finxerat
653 2295 717 2354 ense
736 2297 834 2355 Mam.

90 2385 161 2446 Non
171 2387 252 2447 solito
272 2386 417 2466 aspicimus
430 2403 603 2467 torquentem
614 2388 722 2447 turbine
734 2388 833 2456 telum,

129 2480 199 2539 Non
213 2482 316 2558 *cly'peo
334 2481 477 2558 insignem,
497 2499 553 2538 nou
571 2480 672 2557 pietate
689 2497 814 2560 gravem.

90 2569 161 2631 Vati
181 2572 312 2631 deficiunt
327 2573 415 2640 vireu
435 2573 564 2631 succurrit
583 2573 707 2650 Apelles,

62 2653 67 2669 ’
130 2661 168 2722 Et
187 2663 303 2721 similem
319 2662 435 2722 ostendit
456 2664 580 2722 chartula
598 2664 673 2742 pista
692 2664 803 2723 ducem.

92 2750 172 2812 Hinc
182 2755 323 2814 Teu'crsrm
335 2754 364 2813 in
375 2757 465 2834 pueris
477 2755 648 2836 agnoscimus
666 2775 715 2814 ora
733 2766 891 2832 parentum,

132 2846 210 2905 Hinc
229 2846 291 2905 suus
311 2848 431 2935 Ascanio
450 2850 539 2929 fulget
559 2852 590 2910 in
609 2868 657 2908 ore
676 2850 768 2909 decor.

93 2937 273 3015 Magnanimi
293 2940 384 3000 herois
402 2942 519 3011 vultum,
538 2961 684 3019 rerumque
704 2938 819 3007 colores,

134 3029 212 3109 Qot
232 3049 289 3089 non
308 3031 440 3110 interpres
460 3035 554 3102 Musa,
572 3033 675 3092 tabella
685 3031 778 3091 refert.

133 3176 155 3241 „⁵
173 3175 606 3277 Qgt'lby'ss'ranslatiaanVirgil's
618 3183 723 3243 AEntt's.
753 3180 829 3242 With
838 3180 908 3242 cns.
