2002 3674
140 207 784 306 QUADRAGESIMALIA.
851 164 893 294 63

29 332 186 408 Qalenec
199 311 343 390 Annum
356 330 458 390 nitidus
469 327 589 388 fastidiat
600 327 681 397 ordo,

65 427 157 503 Qale
168 445 219 484 nee
230 422 377 482 ambrosias
390 422 493 480 Gratia
502 419 576 498 palla
585 438 689 478 comae.

23 517 70 576 Te
82 516 208 598 supplex,
227 519 295 576 dum
308 520 388 575 'canet
399 535 466 595 ager
477 513 525 572 sub
537 511 593 571 sole
604 511 716 579 recenti,

63 606 142 665 Dum
156 605 239 665 saltus
250 603 336 662 reficit
346 601 447 681 frigida
457 603 536 666 luna,
554 615 634 659 voco.

24 697 69 757 Te
81 699 179 778 sequor
192 693 343 764 aeternlem,
357 695 452 774 magni
465 693 541 768 Jovis
554 694 661 772 optima
673 693 774 772 proles,

62 789 126 848 Nec
139 789 206 849 levis
220 789 280 852 haec
288 789 389 869 poterit
402 785 510 845 flectere
522 786 606 844 corda
618 785 724 845 Venus.

24 1009 88 1087 An
125 1005 270 1114 aliquid
297 984 499 1091 Violentnm
521 1004 576 1113 fit
614 1003 886 1114 Diutucnum?

361 1133 546 1240 Negatur.

106 1317 209 1395 lsjellis
218 1315 304 1398 longe
316 1316 396 1386 saxis,
415 1317 536 1394 tristique
547 1318 654 1387 favilla,

18 1469 21 1472 Α
144 1411 278 1491 Undique
289 1409 404 1470 Vesuvii
416 1410 523 1469 fumeus
541 1412 633 1469 horret
646 1430 726 1489 apex.

23 1508 63 1564 At
75 1523 131 1564 non
140 1519 285 1582 perpetuas
299 1506 436 1583 glomerat
446 1504 481 1562 de
494 1504 595 1562 vertice
609 1504 752 1573 flammas;

61 1601 102 1657 At
115 1619 170 1656 non
181 1613 316 1676 perpetuo
328 1616 468 1655 murmure
479 1599 567 1676 mugit
580 1601 690 1658 humus.

20 1689 63 1749 Hi
74 1691 174 1759 steriles
188 1691 301 1750 tandem
313 1688 420 1748 discunt
432 1689 571 1748 mitescere
583 1694 674 1768 campi
684 1717 692 1758 ς

58 1785 114 1842 His
126 1785 240 1842 tandem
253 1784 340 1842 herba
354 1784 437 1842 audet
448 1803 509 1841 rara
521 1785 609 1842 virere
618 1785 701 1864 jugis.

21 1881 86 1938 Hoc
98 1877 204 1948 saltem,
223 1891 296 1937 terra
307 1877 414 1947 infelix,
434 1877 556 1937 solamen
569 1879 689 1937 habeto:
806 1878 810 1884 ’

60 1971 116 2049 Qi
130 1971 215 2029 mittit
225 1971 321 2048 pestes,
340 1970 400 2030 vult
413 1986 505 2030 tamen
518 1970 569 2030 else
581 1972 684 2031 breves.

19 2164 85 2244 An
104 2155 291 2265 Qicquid
318 2156 502 2260 recipitur
533 2157 584 2235 ad
600 2157 751 2237 Modum
776 2155 890 2238 Reciss

121 2282 509 2392 pientisrectpiatur?
539 2285 773 2366 Affirmatur.

83 2475 173 2533 Elicee
186 2475 204 2510 ⁴*
218 2470 308 2547 Edeni
321 2470 414 2529 hortos
426 2469 556 2550 lucosque
574 2473 741 2550 relinquens,

123 2570 230 2638 AEterni
242 2568 318 2626 lucos
331 2565 412 2637 veris,
434 2567 560 2627 Adamus
572 2570 619 2628 ait.

12 2668 45 2726 Ο
59 2683 106 2730 me
117 2663 271 2723 infelicem!
293 2662 369 2738 quali
380 2663 438 2736 jam
451 2661 522 2720 fistar
535 2664 563 2719 in
575 2665 641 2722 orbe
656 2667 667 2720 i

59 2755 126 2831 Qui
140 2755 224 2833 figam
234 2752 393 2810 errantesin
407 2754 520 2836 regiqne
530 2754 613 2830 pedes
629 2758 639 2810 ?

16 2855 100 2912 Arva
113 2848 162 2905 situ
175 2845 299 2914 informi,
318 2858 346 2902 et
358 2844 459 2913 nimbis
471 2843 624 2922 squalentia
636 2832 730 2915 adibo,

59 2940 187 3002 Praesenti
201 2957 343 3016 nunquam
354 2957 416 3016 quae
429 2937 492 2996 beat
504 2958 552 2996 ore
566 2938 653 2997 Deus.

214 3105 232 3141 ⁴⁵
255 3061 372 3165 Milton's
383 3106 504 3181 Paradise
515 3107 579 3183 Lost,
600 3078 637 3164 Β..
646 3106 683 3163 xi.

355 3327 357 3335 .
416 3263 474 3342 Q
