2002 3674
95 216 133 282 n
306 163 682 311 cnnn1nn'

86 330 134 389 Ne
147 342 239 387 tamen
251 328 317 385 hinc
329 329 424 386 credas
436 325 556 405 vacuuni
567 345 649 407 caput
661 330 721 397 esse,
735 330 839 387 cerebri

128 424 158 482 Si
170 425 271 491 minus,
291 436 319 480 at
330 421 392 481 satis
406 423 459 482 hoc
471 426 589 502 pulveris
601 426 673 483 intus
684 423 778 481 habet.

88 672 156 754 Au
174 670 360 780 Quicquid
374 672 555 778 recipitur
573 670 626 751 ad
641 669 792 751 Modum
810 669 922 775 recipe

276 785 368 863 eutis
385 784 624 890 recipiatur?
660 781 759 861 Aff‘.

91 979 152 1094 D
160 969 231 1030 UM
251 970 325 1029 sedet
337 986 400 1030 ante
412 973 515 1039 focum,
535 976 561 1027 δε
573 969 688 1028 fabellas
701 968 786 1048 garrit
798 967 886 1025 aniles

104 1102 109 1115 .
194 1061 328 1140 Undique
347 1062 472 1140 virgineo
491 1062 608 1119 Sostrata
628 1062 717 1118 cintia
729 1059 833 1126 choro;
889 1072 892 1078 ·

90 1155 114 1214 F
115 1174 157 1213 ors
178 1156 283 1213 medias
296 1157 367 1214 inter
378 1176 459 1214 voces
473 1153 647 1213 carbo'exili't
659 1155 726 1234 igne

130 1250 206 1307 Cum
219 1249 317 1321 sonitu,
338 1256 363 1308 δι
377 1251 475 1309 vetulae
488 1251 590 1308 decidit
603 1263 665 1307 ante
686 1250 780 1326 pedes.

92 1341 179 1400 Hunc
192 1362 258 1417 anus
271 1342 426 1420 inspiciens,
446 1362 553 1400 mecum
568 1343 584 1400 ὁ
599 1343 713 1419 plorate,
734 1340 844 1418 puelle,

131 1434 287 1506 Exclamat,
305 1426 400 1493 mortis
415 1437 474 1510 jain
497 1455 583 1512 prope
604 1450 711 1511 ternpus
733 1434 815 1491 adest.

90 1525 136 1585 En
150 1547 233 1605 quam
245 1526 392 1604 sandapilae
402 1528 514 1584 similis!
537 1527 699 1602 (miserabile
713 1527 830 1606 fignuml

131 1623 278 1682 Uttinreo
297 1624 400 1682 cineres
421 1645 456 1681 ne
476 1637 550 1701 tegat
570 1643 638 1681 urna
659 1625 753 1682 meos!

94 1715 209 1773 Somnia
227 1728 408 1773 contemnunt
428 1715 483 1773 illae
504 1714 591 1771 delira
602 1741 610 1781 ;
630 1714 738 1772 videtur

133 1807 192 1864 Hic
211 1807 308 1873 oculis,
328 1807 417 1882 inquit
440 1825 565 1882 quaeque,
586 1825 715 1863 crumena
736 1806 813 1864 meis.

94 1899 208 1957 Nubilis
220 1900 285 1956 hinc
302 1898 397 1956 dotem
420 1896 508 1973 sperat
528 1897 577 1954 fibi
597 1901 686 1978 virgo,
706 1900 837 1960 feretrum

134 1990 219 2049 Unde
238 1989 287 2050 sibi
309 1991 416 2050 tumulo
436 1995 561 2068 proxima
584 1991 662 2071 fingit
687 2011 763 2050 anus.
803 1995 810 2020 '

95 2241 160 2321 Au
179 2237 365 2346 Quicquid
376 2239 431 2344 ſst
458 2239 498 2317 iu
530 2241 714 2320 Intelletiu
744 2242 862 2322 intret
883 2261 922 2351 pe

367 2351 525 2458 Sensus?
570 2352 645 2430 Aff
649 2361 671 2431 ¹.

101 2534 227 2657 CUM
246 2532 369 2590 nondum
384 2536 478 2612 plenas
495 2535 591 2594 didicit
610 2555 678 2612 puer
699 2542 778 2600 edere
795 2561 888 2611 voces,

1 2640 4 2645 ·
192 2629 255 2686 Nec
273 2631 351 2687 novit
368 2632 447 2687 certis
467 2633 556 2708 prima
573 2633 707 2694 elementa
720 2641 791 2698 notis
794 2665 809 2711 ,·

97 2722 204 2781 Praebet
223 2724 356 2790 litterulas,
378 2725 523 2783 &librum
546 2742 633 2786 mater
655 2730 775 2801 edulem,

136 2819 179 2876 Ut
196 2831 312 2895 quarum
333 2817 411 2875 discit
429 2839 540 2888 nomen,
561 2822 687 2880 alumnus
705 2824 778 2884 edat.

98 2907 149 2966 Ille
170 2912 234 2967 novi
258 2909 327 2968 mirei
350 2911 455 2987 capitur
478 2911 623 2971 dulcedine
646 2914 720 2984 libri,

125 3005 174 3061 ·Et
194 3005 288 3061 doslas
313 3004 395 3062 avido
419 3005 533 3064 devorat
555 3027 601 3065 ore
625 3007 719 3085 dapes.

99 3096 209 3156 Scilicet
229 3097 258 3153 in
281 3096 337 3155 solo
362 3098 482 3156 discendi
503 3100 582 3158 causa
598 3101 692 3176 palato
713 3101 766 3160 est:

135 3189 173 3249 Et
193 3190 235 3249 vis
253 3191 369 3271 'ingenio
387 3180 491 3267 crescit,
518 3209 549 3254 ut
569 3193 629 3255 esca
648 3195 731 3275 gulae.
