2002 3674
94 272 133 336 m
332 265 695 357 ¹cannanei

91 389 120 446 Si
130 386 217 462 major
229 383 319 453 fuerit,
340 384 384 441 vel
396 384 415 443 fi
427 385 518 444 minor
529 384 636 462 hospite
647 385 742 454 leston,

130 484 183 568 Par
195 493 287 538 tamen
297 479 363 537 hoie
373 480 444 538 leiio
455 480 572 558 quilibet
585 479 682 559 hospes
695 481 756 539 erit.

133 735 198 813 An
218 727 607 837 ldemsenpersaciat
625 726 757 811 Idem?
814 728 907 813 Aff'.

92 917 246 1042 Viderat
254 916 458 995 Hippocratem
466 916 544 976 tristis
552 916 679 995 vespillo,
697 938 747 998 per
756 920 852 981 urbem

210 1009 252 1067 Ut
263 1012 355 1067 veeius
369 1009 469 1086 bijugis
482 1029 579 1067 anneus
595 1010 654 1068 ibat
667 1013 757 1091 equis.

91 1104 158 1171 Cur,
179 1105 226 1172 ait,
246 1103 383 1181 ingratam
395 1121 468 1159 vano
480 1104 624 1162 molimine
637 1120 739 1165 terram
876 1104 881 1109 ’

129 1197 228 1256 Versat
237 1211 369 1275 perpetuo
380 1197 443 1254 trita
455 1197 549 1276 ligone
561 1206 677 1258 manus?
774 1180 779 1187 ’

91 1291 235 1369 Qantum
248 1289 398 1366 praestiterit
410 1290 596 1349 medicamina
608 1292 727 1351 vendere
739 1294 834 1374 vulgo,

129 1384 166 1440 Et
175 1383 257 1441 doeizi
268 1384 395 1460 ignarum
407 1384 506 1440 ducere
522 1384 619 1442 fraude
628 1389 756 1464 gregem!
787 1420 791 1425 ·

90 1476 136 1536 sic
147 1490 233 1534 artem
245 1488 370 1551 expertus
383 1475 531 1544 medicam,
551 1490 580 1533 et
591 1477 708 1553 pretiosa
721 1478 823 1538 laboris

128 1573 229 1639 Lucra,
248 1568 391 1646 sepulturae
407 1568 499 1627 flebile
511 1570 625 1630 damnat
636 1590 717 1650 opus.

87 1664 135 1724 Ne
145 1679 251 1727 tumeas
261 1663 347 1722 facins
358 1664 393 1722 de
401 1663 553 1743 vespillone
564 1667 710 1725 Machaon
720 1693 730 1735 ;

128 1757 217 1830 Nam,
237 1757 313 1838 quod
325 1751 475 1828 tnt'rekian,
496 1758 579 1838 usque
590 1761 710 1817 cadaver
720 1759 781 1819 erit.

89 2011 155 2089 An
185 2009 296 2095 Sonus
309 2008 366 2111 stt
397 1959 438 2084 in
462 2001 679 2110 Corporibus
699 1999 931 2113 sonantibus?

418 2120 609 2224 -Negatun

88 2307 239 2437 Aspicis
261 2319 292 2365 ut
313 2306 442 2375 aemulo,
463 2306 590 2366 modulos
611 2304 745 2365 meditata
766 2326 888 2379 canoros,

209 2405 349 2480 Argutum
368 2402 457 2479 digito
477 2402 575 2459 Flavia
592 2399 681 2476 pulsat
701 2401 780 2461 ebur.

88 2496 118 2554 0
130 2495 215 2575 quim
227 2494 323 2552 divino
333 2492 484 2570 permulcet
493 2496 605 2572 peeiora
615 2495 713 2552 cantu!

127 2590 170 2649 Ut
180 2580 251 2648 miri
262 2585 380 2643 blandos
389 2585 465 2643 elicit
474 2601 535 2668 ante
547 2587 627 2645 sonos
638 2589 645 2644 Ι

87 2683 218 2745 Percussae
230 2695 341 2741 tenuem
353 2680 463 2739 vibrant
479 2701 578 2759 nempe
592 2682 655 2738 a'e'ra
665 2679 794 2751 chordae3

127 2779 188 2838 Dat
199 2777 313 2838 citharae
326 2787 434 2834 motum
443 2775 579 2854 nympha,
597 2771 643 2832 sed
656 2790 723 2831 aure
732 2775 831 2833 melos.

88 3037 153 3116 An
166 3035 324 3114 Natura
334 3029 487 3138 aliquem
500 3029 626 3109 Finem
637 3029 831 3114 intendat?
852 3025 937 3112 Aff.

88 3206 261 3350 IMpatieni
269 3219 331 3291 ime,
349 3218 452 3296 selique
464 3217 576 3279 aceensa
587 3219 692 3298 rapaci,
729 3298 731 3305 Ι

176 3317 268 3395 Epoto
282 3310 376 3375 furtin
388 3312 468 3383 laste,
488 3314 607 3373 minatur
619 3333 697 3412 anus.
