2002 3674
221 156 794 246 Qunuuneusrmnurn.
886 190 923 254 19

80 475 136 552 An
153 471 280 550 Motus
298 464 533 570 uiolentusfit
552 463 778 548 diuturnus?
808 470 851 549 N
852 480 926 578 eg'.

81 657 275 781 COnduntur
287 652 392 721 tumulo
407 653 474 711 dum
486 651 610 730 conjugis
627 653 693 721 ossa,
713 655 802 714 fidelis

162 751 266 829 Irrigat
284 748 440 807 immodicis
454 747 561 804 fletibus
582 766 629 805 ora
646 749 726 807 Cloe.

77 843 162 920 Ejulat
186 844 377 909 horrendum3
402 842 489 910 vellit,
508 842 663 919 laceratque
686 844 821 921 capillos;

106 938 216 995 Tundit
240 950 268 995 et
291 936 393 994 immiti
415 935 526 1011 pedona
549 935 644 1011 pulcra
662 956 757 993 manu.

77 1028 120 1087 Me
133 1029 278 1088 miseram!
300 1029 462 1105 ingeminat,
481 1028 530 1086 tali
542 1028 655 1086 viduata
671 1029 772 1087 marito

107 1125 189 1182 Heu!
213 1122 279 1200 quid
294 1143 375 1200 agam
389 1127 398 1178 ἓ
420 1142 467 1180 cur
479 1143 534 1179 non
547 1124 607 1180 haec
619 1124 704 1181 habet
717 1145 785 1182 urna
797 1125 865 1183 duos
878 1129 889 1183 i

77 1215 184 1274 Certum
196 1217 234 1274 est
246 1217 275 1272 in
288 1217 423 1274 tumulum
438 1229 539 1275 memet
552 1216 694 1274 demittere
718 1217 836 1276 eundem
851 1240 858 1275 :
887 1282 890 1287 ,

92 1312 182 1369 =Cum
204 1325 263 1368 tam
283 1311 383 1368 dilesto
404 1311 522 1388 conjuge
545 1310 625 1368 dulce
644 1312 714 1368 mori
735 1313 781 1368 est.

77 1401 126 1459 Vix
146 1403 269 1472 tandem,
290 1405 397 1480 magnis
420 1402 553 1460 comitum
572 1401 738 1459 clamoribus
752 1403 822 1472 ada,

109 1496 227 1554 Passtbus
245 1497 266 1553 it
286 1495 380 1565 tardis,
405 1501 431 1552 δε
450 1496 498 1553 sua
517 1496 589 1552 tesia
614 1495 692 1571 petit,

79 1589 149 1667 Saepe
166 1603 261 1646 tamen
283 1588 400 1664 sistitque
419 1589 531 1666 gradus,
558 1587 697 1664 oculisque
718 1588 825 1646 retortis

111 1685 213 1760 Saepius
238 1681 272 1738 ad
292 1681 429 1738 tumulum
454 1680 562 1754 respicit
582 1700 656 1756 agra
672 1681 734 1737 viri.

80 1775 190 1855 Jamque
212 1775 289 1833 domi
308 1792 394 1831 vanos
417 1771 514 1850 satagit
535 1790 666 1829 renovare
689 1770 808 1839 dolores,

112 1870 171 1927 Flet
191 1871 300 1926 noeiem
319 1866 459 1934 insomnis,
479 1885 530 1922 nec
548 1865 628 1921 datur
648 1864 707 1922 ulla
728 1866 814 1943 quies.

80 1960 134 2019 Hos
147 1963 218 2020 inter
231 1959 334 2017 miserae
348 1958 464 2036 gemitus
484 1956 672 2035 lacrymasque
696 1955 874 2035 querelasque

112 2055 169 2114 En!
192 2072 291 2132 procus
311 2053 378 2111 alter
391 2052 474 2121 adest,
487 2071 545 2109 cras
558 2069 631 2109 nova
643 2063 729 2128 nupta
742 2049 813 2108 Cloe'
826 2051 871 2110 est.

81 2340 136 2416 An
155 2330 359 2440 Animaſst
378 2344 454 2408 tota
478 2328 518 2406 in
544 2343 613 2405 toto
631 2343 667 2404 et
686 2341 764 2404 tota
783 2327 931 2436 inqua.

295 2443 383 2522 libet
404 2438 561 2521 Parte?
600 2435 676 2516 Aff
687 2446 707 2519 ¹.

77 2636 166 2757 UT
186 2633 280 2711 lepido
299 2633 317 2668 ⁴*
329 2630 417 2690 Vates
430 2629 523 2687 docuit
536 2645 584 2686 nos
599 2626 731 2695 carmine,
750 2625 846 2685 senfim

173 2729 312 2786 Verticem
328 2726 363 2785 ab
375 2725 505 2783 extremis
520 2724 630 2779 artubus
644 2723 728 2778 Alma
741 2721 817 2797 petit.

77 2817 132 2877 Dat
147 2822 266 2896 primum
281 2819 396 2898 pedibus
418 2829 524 2873 motum
537 2840 545 2880 ;
569 2831 637 2869 mox
651 2810 764 2887 crusque
777 2831 905 2897 genuque

113 2916 251 2991 Occupat,
271 2928 298 2971 et
320 2912 396 2970 sacili
415 2910 503 2969 versat
523 2923 668 2982 utrumque
689 2904 785 2981 gradu.

77 3005 147 3064 Mox
168 3007 271 3063 circdm
290 3008 380 3062 Cottae
402 3001 553 3081 praecordia
570 2998 640 3056 ludit
662 3000 788 3069 amantis,

114 3101 151 3159 Et
172 3099 248 3157 lento
270 3111 355 3155 torret
377 3095 512 3172 Phyllidis
537 3095 602 3174 igue
622 3091 709 3168 jecur.

193 3270 213 3337 J*
234 3270 333 3328 Prior’s
352 3264 436 3327 Alma.
