2002 3674
147 194 793 312 quinniensrururr.
860 224 918 282 ιω

54 340 184 403 occiduo
196 342 304 402 servent
313 337 379 398 cini
390 324 478 397 nubes
491 335 547 396 sole
557 333 685 403 corusce,

94 432 132 490 Et
144 431 251 491 declive
259 429 340 488 rubet
350 449 399 507 per
406 428 476 508 juga
483 425 592 486 summa
608 424 707 502 jubar:

55 523 132 584 eum
144 525 259 602 dempto
268 523 350 592 tarde
361 522 465 582 incedit
474 520 526 580 bos
537 518 616 578 fessus
628 531 730 588 metro,

94 615 135 674 Et
143 615 345 675 circumvolitat
351 614 464 674 stridula
473 610 595 673 hirundo
605 610 691 670 lacus.

53 707 172 767 Summo
183 727 263 787 agnae
272 719 392 766 errantes
401 705 498 767 balant
507 705 543 763 de
554 704 675 764 culmine
685 702 800 770 montin

94 801 160 875 ,iam
172 819 257 881 grege
267 800 411 863 confestim
423 799 594 859 sereserente
603 797 729 857 domum.

55 894 164 953 Omnia
173 893 237 954 laeta
246 895 335 954 nitent
346 893 461 963 circium,
480 906 659 971 mentemque
669 890 770 952 tuentia

94 984 217 1044 Plurima
227 987 352 1048 ruricolae
363 988 439 1066 pacis
448 988 546 1065 imago
557 984 640 1044 subit.

54 1077 145 1147 Felix,
165 1079 209 1138 cui
222 1093 297 1141 certo
308 1082 423 1141 redeunt
434 1080 484 1139 sua
494 1080 598 1160 gaudia
608 1077 700 1147 eursu,

95 1171 255 1252 Tranquilli
269 1177 376 1252 quoties
386 1173 504 1254 vesperis
515 1172 670 1235 horruerit
681 1172 688 1227 l

141 1351 207 1427 An
226 1347 354 1425 Bruta
372 1343 564 1449 cogitent?
593 1343 833 1423 Affirmatur.

103 1498 164 1556 AM
175 1495 274 1569 senior,
292 1495 449 1577 frustusque
462 1498 550 1569 annis,
570 1517 624 1558 nec
642 1496 769 1578 cognitur
780 1488 848 1562 ulli,
872 1519 874 1522 ⁴
907 1474 911 1481 ¹

139 1591 286 1650 Dulichius
298 1592 399 1669 repetit
410 1593 488 1673 regia
499 1593 571 1652 tetta
583 1605 671 1671 pater.
880 1607 911 1614 ··

56 1686 144 1746 Hunc
157 1684 179 1762 Ἰ*
190 1685 266 1745 canis
278 1686 394 1767 agnovit
404 1685 491 1766 longo
502 1687 562 1765 post
574 1700 698 1766 tempore
707 1683 807 1753 visum,
895 1684 906 1733 s

96 1775 161 1832 Nec
173 1787 294 1832 veterem
306 1773 380 1832 celat
392 1776 478 1852 turpis
491 1775 605 1834 amiens
617 1776 726 1834 herum.

56 1866 158 1935 Novit,
176 1877 214 1935 et,
225 1878 258 1922 ut
268 1866 369 1942 potuit,
387 1860 498 1925 testatur
511 1866 624 1947 gandia,
645 1881 675 1926 at
686 1864 760 1947 aegre

97 1957 229 2015 Officium
242 1957 368 2034 praestant
378 1958 513 2036 languida
525 1958 651 2018 membra
662 1959 752 2038 pium.

56 2051 126 2120 Vix,
145 2051 280 2108 titubante
292 2049 391 2127 gradu,
409 2050 507 2109 cotim
519 2051 546 2108 se
559 2053 652 2109 sternit
663 2052 771 2129 Ulysse,

97 2145 260 2202 Etmoriens
270 2143 389 2200 memori
398 2142 499 2201 lambit
509 2162 604 2208 amore
616 2144 711 2221 pedes.
825 2134 830 2145 ’

57 2236 144 2295 Filius
156 2237 231 2294 haud
244 2248 362 2313 patrem,
379 2235 454 2293 haud
464 2234 677 2310 conjuxdilesla
689 2235 819 2295 maritum
881 2306 893 2317 ..

95 2328 234 2397 Noverat,
252 2340 281 2384 at
298 2326 376 2384 novit
388 2327 487 2386 certior
500 2326 593 2406 Argus
604 2326 713 2397 herum.
884 2318 902 2333 ’“

58 2501 126 2582 Ad
140 2501 247 2581 detur
265 2498 369 2606 Ignis
382 2497 663 2586 Elementurirs
673 2499 918 2590 Affirmatur,

136 2655 205 2712 UAE
216 2655 320 2717 molem
331 2655 405 2715 hanc
415 2654 512 2732 agitat,
525 2655 703 2725 viucendum
712 2654 826 2730 uertitur
836 2653 920 2723 orbis,

176 2749 264 2827 Ignea
276 2767 337 2826 quae
348 2746 480 2806 informat
488 2747 541 2816 vie,
560 2747 692 2826 agilisque
704 2749 798 2823 taioni

56 2839 186 2904 Protinus
198 2852 226 2920 at
238 2838 326 2908 sentit,
346 2838 381 2899 de
393 2838 464 2903 vitro
476 2838 578 2916 pensile
590 2838 727 2925 serrum„

97 2933 209 2995 Audeat
222 2930 335 2990 admoti
347 2932 395 3009 qui
408 2932 523 3015 tetigisse
536 2951 632 2991 manu.

258 3121 280 3199 †
299 3119 413 3180 Homer's
423 3119 507 3197 Odyff.
521 3120 557 3179 L.
568 3120 645 3181 xxiv.

450 3253 481 3312 Τ
502 3271 518 3332 ³
