<?xml version="1.0" encoding="UTF-8"?>
<!DOCTYPE html PUBLIC "-//W3C//DTD XHTML 1.0 Transitional//EN"
    "http://www.w3.org/TR/xhtml1/DTD/xhtml1-transitional.dtd">
<html xmlns="http://www.w3.org/1999/xhtml" xml:lang="en" lang="en">
 <head>
  <title>
</title>
<meta http-equiv="Content-Type" content="text/html;charset=utf-8" />
  <meta name='ocr-system' content='tesseract 3.04.00' />
  <meta name='ocr-capabilities' content='ocr_page ocr_carea ocr_par ocr_line ocrx_word'/>
</head>
<body>
  <div class='ocr_page' id='page_1' title='image "./carminaquadrage01oxfogoog_0022.png"; bbox 0 0 2002 3674; ppageno 0'>
   <div class='ocr_carea' id='block_1_1' title="bbox 64 102 882 266">
    <p class='ocr_par' dir='ltr' id='par_1_1' title="bbox 64 102 882 266">
     <span class='ocr_line' id='line_1_1' title="bbox 64 102 882 266; baseline 0.029 -46"><span class='ocrx_word' id='word_1_1' title='bbox 64 102 94 163; x_wconf 64' lang='lat'><strong><em>⁹</em></strong></span> <span class='ocrx_word' id='word_1_2' title='bbox 168 127 738 247; x_wconf 63' lang='lat' dir='ltr'>QUADR&#39;AGEstttAutA.</span> <span class='ocrx_word' id='word_1_3' title='bbox 842 200 882 266; x_wconf 84' lang='lat'>13</span> 
     </span>
    </p>
   </div>
   <div class='ocr_carea' id='block_1_2' title="bbox 84 448 839 555">
    <p class='ocr_par' dir='ltr' id='par_1_2' title="bbox 84 448 839 555">
     <span class='ocr_line' id='line_1_2' title="bbox 84 448 839 555; baseline 0.025 -29"><span class='ocrx_word' id='word_1_4' title='bbox 84 451 136 526; x_wconf 86' lang='lat' dir='ltr'>An</span> <span class='ocrx_word' id='word_1_5' title='bbox 153 448 286 528; x_wconf 78' lang='lat' dir='ltr'>Coelum</span> <span class='ocrx_word' id='word_1_6' title='bbox 304 468 396 555; x_wconf 85' lang='lat' dir='ltr'>agat</span> <span class='ocrx_word' id='word_1_7' title='bbox 413 451 454 530; x_wconf 85' lang='lat' dir='ltr'>in</span> <span class='ocrx_word' id='word_1_8' title='bbox 472 451 686 555; x_wconf 69' lang='lat' dir='ltr'>Itfi’riora?</span> <span class='ocrx_word' id='word_1_9' title='bbox 743 460 839 546; x_wconf 73' lang='lat' dir='ltr'>Aff.</span> 
     </span>
    </p>
   </div>
   <div class='ocr_carea' id='block_1_3' title="bbox 54 633 799 1933">
    <p class='ocr_par' dir='ltr' id='par_1_3' title="bbox 54 633 799 1933">
     <span class='ocr_line' id='line_1_3' title="bbox 54 633 709 752; baseline 0.015 -61"><span class='ocrx_word' id='word_1_10' title='bbox 54 633 190 752; x_wconf 79' lang='lat' dir='ltr'>PEttaesus</span> <span class='ocrx_word' id='word_1_11' title='bbox 201 634 304 712; x_wconf 86' lang='lat' dir='ltr'>sponsae</span> <span class='ocrx_word' id='word_1_12' title='bbox 316 637 428 713; x_wconf 82' lang='lat' dir='ltr'>conjux,</span> <span class='ocrx_word' id='word_1_13' title='bbox 448 639 588 718; x_wconf 85' lang='lat' dir='ltr'>vinclique</span> <span class='ocrx_word' id='word_1_14' title='bbox 597 643 709 723; x_wconf 81' lang='lat' dir='ltr'>jugalis,</span> 
     </span>
     <span class='ocr_line' id='line_1_4' title="bbox 116 729 661 807; baseline 0.022 -21"><span class='ocrx_word' id='word_1_15' title='bbox 116 730 149 786; x_wconf 88' lang='lat' dir='ltr'>Et</span> <span class='ocrx_word' id='word_1_16' title='bbox 158 729 271 807; x_wconf 82' lang='lat' dir='ltr'>pertaesa</span> <span class='ocrx_word' id='word_1_17' title='bbox 282 730 334 788; x_wconf 88' lang='lat' dir='ltr'>viri</span> <span class='ocrx_word' id='word_1_18' title='bbox 345 750 401 788; x_wconf 91' lang='lat' dir='ltr'>non</span> <span class='ocrx_word' id='word_1_19' title='bbox 412 733 503 794; x_wconf 79' lang='lat' dir='ltr'>minus</span> <span class='ocrx_word' id='word_1_20' title='bbox 513 755 583 793; x_wconf 90' lang='lat' dir='ltr'>uxor</span> <span class='ocrx_word' id='word_1_21' title='bbox 595 753 661 798; x_wconf 82' lang='lat' dir='ltr'>erat.</span> 
     </span>
     <span class='ocr_line' id='line_1_5' title="bbox 54 813 637 899; baseline 0.015 -23"><span class='ocrx_word' id='word_1_22' title='bbox 54 819 125 880; x_wconf 82' lang='lat' dir='ltr'>limbo</span> <span class='ocrx_word' id='word_1_23' title='bbox 136 823 183 880; x_wconf 88' lang='lat' dir='ltr'>diu</span> <span class='ocrx_word' id='word_1_24' title='bbox 194 823 279 881; x_wconf 85' lang='lat' dir='ltr'>tacito</span> <span class='ocrx_word' id='word_1_25' title='bbox 291 823 415 882; x_wconf 87' lang='lat' dir='ltr'><strong>celarunt</strong></span> <span class='ocrx_word' id='word_1_26' title='bbox 424 813 637 899; x_wconf 48' lang='lat' dir='ltr'>corde&#39;dolores,</span> 
     </span>
     <span class='ocr_line' id='line_1_6' title="bbox 83 915 638 994; baseline 0.014 -22"><span class='ocrx_word' id='word_1_27' title='bbox 83 915 195 975; x_wconf 83' lang='lat' dir='ltr'>Celatunt</span> <span class='ocrx_word' id='word_1_28' title='bbox 207 916 313 977; x_wconf 84' lang='lat' dir='ltr'>interea</span> <span class='ocrx_word' id='word_1_29' title='bbox 325 929 449 994; x_wconf 89' lang='lat' dir='ltr'>tempore</span> <span class='ocrx_word' id='word_1_30' title='bbox 462 920 547 977; x_wconf 88' lang='lat' dir='ltr'>crevit</span> <span class='ocrx_word' id='word_1_31' title='bbox 559 941 638 980; x_wconf 84' lang='lat' dir='ltr'>onus.</span> 
     </span>
     <span class='ocr_line' id='line_1_7' title="bbox 56 1004 678 1090; baseline 0.019 -26"><span class='ocrx_word' id='word_1_32' title='bbox 56 1004 93 1066; x_wconf 81' lang='lat' dir='ltr'>llis</span> <span class='ocrx_word' id='word_1_33' title='bbox 103 1012 162 1090; x_wconf 82' lang='lat' dir='ltr'>aegri</span> <span class='ocrx_word' id='word_1_34' title='bbox 180 1011 316 1090; x_wconf 67' lang='lat' dir='ltr'>hastique</span> <span class='ocrx_word' id='word_1_35' title='bbox 328 1013 407 1070; x_wconf 84' lang='lat' dir='ltr'>malis</span> <span class='ocrx_word' id='word_1_36' title='bbox 420 1013 456 1071; x_wconf 91' lang='lat' dir='ltr'>ad</span> <span class='ocrx_word' id='word_1_37' title='bbox 468 1034 530 1072; x_wconf 88' lang='lat' dir='ltr'>rura</span> <span class='ocrx_word' id='word_1_38' title='bbox 544 1015 678 1087; x_wconf 84' lang='lat' dir='ltr'>feruntur,</span> 
     </span>
     <span class='ocr_line' id='line_1_8' title="bbox 82 1103 665 1188; baseline 0.012 -27"><span class='ocrx_word' id='word_1_39' title='bbox 82 1103 213 1180; x_wconf 83' lang='lat' dir='ltr'>Sperantes</span> <span class='ocrx_word' id='word_1_40' title='bbox 223 1106 332 1184; x_wconf 84' lang='lat' dir='ltr'>Stygias</span> <span class='ocrx_word' id='word_1_41' title='bbox 344 1108 405 1184; x_wconf 89' lang='lat' dir='ltr'>quis</span> <span class='ocrx_word' id='word_1_42' title='bbox 418 1109 493 1184; x_wconf 87' lang='lat' dir='ltr'>prior</span> <span class='ocrx_word' id='word_1_43' title='bbox 502 1109 552 1168; x_wconf 83' lang='lat' dir='ltr'>iret</span> <span class='ocrx_word' id='word_1_44' title='bbox 565 1131 665 1188; x_wconf 81' lang='lat' dir='ltr'>aquas:</span> 
     </span>
     <span class='ocr_line' id='line_1_9' title="bbox 56 1195 710 1280; baseline 0.02 -27"><span class='ocrx_word' id='word_1_45' title='bbox 56 1195 139 1272; x_wconf 82' lang='lat' dir='ltr'>Optant</span> <span class='ocrx_word' id='word_1_46' title='bbox 150 1197 234 1258; x_wconf 88' lang='lat' dir='ltr'>ambo</span> <span class='ocrx_word' id='word_1_47' title='bbox 246 1201 327 1269; x_wconf 86' lang='lat' dir='ltr'>mori,</span> <span class='ocrx_word' id='word_1_48' title='bbox 347 1200 392 1258; x_wconf 87' lang='lat' dir='ltr'>sed</span> <span class='ocrx_word' id='word_1_49' title='bbox 404 1220 477 1261; x_wconf 87' lang='lat' dir='ltr'>mors</span> <span class='ocrx_word' id='word_1_50' title='bbox 492 1218 587 1280; x_wconf 79' lang='lat' dir='ltr'>optata</span> <span class='ocrx_word' id='word_1_51' title='bbox 597 1205 710 1276; x_wconf 87' lang='lat' dir='ltr'>recedit,</span> 
     </span>
     <span class='ocr_line' id='line_1_10' title="bbox 82 1289 575 1372; baseline 0.018 -26"><span class='ocrx_word' id='word_1_52' title='bbox 82 1289 202 1372; x_wconf 85' lang='lat' dir='ltr'>Prorogat</span> <span class='ocrx_word' id='word_1_53' title='bbox 211 1293 311 1352; x_wconf 88' lang='lat' dir='ltr'>invisos</span> <span class='ocrx_word' id='word_1_54' title='bbox 321 1295 414 1370; x_wconf 88' lang='lat' dir='ltr'>purior</span> <span class='ocrx_word' id='word_1_55' title='bbox 428 1315 495 1353; x_wconf 81' lang='lat' dir='ltr'>aura</span> <span class='ocrx_word' id='word_1_56' title='bbox 507 1296 575 1355; x_wconf 85' lang='lat' dir='ltr'>dies.</span> 
     </span>
     <span class='ocr_line' id='line_1_11' title="bbox 56 1379 695 1469; baseline 0.017 -31"><span class='ocrx_word' id='word_1_57' title='bbox 56 1379 158 1444; x_wconf 84' lang='lat' dir='ltr'>Funestos</span> <span class='ocrx_word' id='word_1_58' title='bbox 171 1387 302 1446; x_wconf 87' lang='lat' dir='ltr'><strong>adeamus</strong></span> <span class='ocrx_word' id='word_1_59' title='bbox 312 1408 402 1466; x_wconf 84' lang='lat' dir='ltr'>agros,</span> <span class='ocrx_word' id='word_1_60' title='bbox 422 1390 560 1469; x_wconf 87' lang='lat' dir='ltr'>tristesque</span> <span class='ocrx_word' id='word_1_61' title='bbox 571 1391 695 1469; x_wconf 84' lang='lat' dir='ltr'>paludes,</span> 
     </span>
     <span class='ocr_line' id='line_1_12' title="bbox 83 1477 675 1558; baseline 0.008 -24"><span class='ocrx_word' id='word_1_62' title='bbox 83 1477 216 1546; x_wconf 78' lang='lat' dir='ltr'>Clamant3</span> <span class='ocrx_word' id='word_1_63' title='bbox 237 1479 358 1537; x_wconf 84' lang='lat' dir='ltr'>alterutri</span> <span class='ocrx_word' id='word_1_64' title='bbox 371 1479 430 1558; x_wconf 90' lang='lat' dir='ltr'>spes</span> <span class='ocrx_word' id='word_1_65' title='bbox 443 1481 492 1539; x_wconf 91' lang='lat' dir='ltr'>ubi</span> <span class='ocrx_word' id='word_1_66' title='bbox 505 1496 579 1540; x_wconf 86' lang='lat' dir='ltr'>certa</span> <span class='ocrx_word' id='word_1_67' title='bbox 590 1483 675 1541; x_wconf 83' lang='lat' dir='ltr'>necis.</span> 
     </span>
     <span class='ocr_line' id='line_1_13' title="bbox 57 1565 712 1652; baseline 0.014 -29"><span class='ocrx_word' id='word_1_68' title='bbox 57 1565 108 1627; x_wconf 84' lang='lat' dir='ltr'>Laeti</span> <span class='ocrx_word' id='word_1_69' title='bbox 118 1573 180 1630; x_wconf 88' lang='lat' dir='ltr'>illuc</span> <span class='ocrx_word' id='word_1_70' title='bbox 192 1586 351 1649; x_wconf 88' lang='lat' dir='ltr'>properant,</span> <span class='ocrx_word' id='word_1_71' title='bbox 371 1573 426 1650; x_wconf 69' lang='lat' dir='ltr'>qui</span> <span class='ocrx_word' id='word_1_72' title='bbox 439 1594 497 1633; x_wconf 88' lang='lat' dir='ltr'>non</span> <span class='ocrx_word' id='word_1_73' title='bbox 509 1574 643 1652; x_wconf 84' lang='lat' dir='ltr'>spirabilis</span> <span class='ocrx_word' id='word_1_74' title='bbox 655 1594 712 1644; x_wconf 83' lang='lat' dir='ltr'>aer,</span> 
     </span>
     <span class='ocr_line' id='line_1_14' title="bbox 85 1665 730 1744; baseline 0.002 -19"><span class='ocrx_word' id='word_1_75' title='bbox 85 1665 149 1740; x_wconf 69' lang='lat' dir='ltr'>Qi,</span> <span class='ocrx_word' id='word_1_76' title='bbox 167 1667 257 1743; x_wconf 88' lang='lat' dir='ltr'>primo</span> <span class='ocrx_word' id='word_1_77' title='bbox 266 1667 400 1744; x_wconf 84' lang='lat' dir='ltr'>languens</span> <span class='ocrx_word' id='word_1_78' title='bbox 414 1669 515 1735; x_wconf 86' lang='lat' dir='ltr'>mense,</span> <span class='ocrx_word' id='word_1_79' title='bbox 535 1671 648 1728; x_wconf 82' lang='lat' dir='ltr'>maritus</span> <span class='ocrx_word' id='word_1_80' title='bbox 660 1668 730 1727; x_wconf 87' lang='lat' dir='ltr'>obit.</span> 
     </span>
     <span class='ocr_line' id='line_1_15' title="bbox 57 1756 691 1839; baseline 0.005 -26"><span class='ocrx_word' id='word_1_81' title='bbox 57 1756 145 1819; x_wconf 80' lang='lat' dir='ltr'>Oaurae</span> <span class='ocrx_word' id='word_1_82' title='bbox 157 1759 199 1820; x_wconf 86' lang='lat' dir='ltr'>vis</span> <span class='ocrx_word' id='word_1_83' title='bbox 212 1761 302 1817; x_wconf 84' lang='lat' dir='ltr'>certa!</span> <span class='ocrx_word' id='word_1_84' title='bbox 324 1760 352 1814; x_wconf 93' lang='lat'>0</span> <span class='ocrx_word' id='word_1_85' title='bbox 367 1760 436 1817; x_wconf 87' lang='lat' dir='ltr'>mira</span> <span class='ocrx_word' id='word_1_86' title='bbox 447 1760 571 1836; x_wconf 84' lang='lat' dir='ltr'>potentia</span> <span class='ocrx_word' id='word_1_87' title='bbox 583 1761 661 1818; x_wconf 88' lang='lat' dir='ltr'>coeli!</span> <span class='ocrx_word' id='word_1_88' title='bbox 687 1830 691 1839; x_wconf 27' lang='lat'><strong>⁴</strong></span> 
     </span>
     <span class='ocr_line' id='line_1_16' title="bbox 85 1851 799 1933; baseline 0 -21"><span class='ocrx_word' id='word_1_89' title='bbox 85 1853 157 1933; x_wconf 78' lang='lat' dir='ltr'>Qod</span> <span class='ocrx_word' id='word_1_90' title='bbox 167 1851 238 1912; x_wconf 85' lang='lat' dir='ltr'>bene</span> <span class='ocrx_word' id='word_1_91' title='bbox 248 1851 389 1929; x_wconf 85' lang='lat' dir='ltr'>disjunxit,</span> <span class='ocrx_word' id='word_1_92' title='bbox 408 1871 479 1930; x_wconf 88' lang='lat' dir='ltr'>quos</span> <span class='ocrx_word' id='word_1_93' title='bbox 491 1853 563 1911; x_wconf 89' lang='lat' dir='ltr'>male</span> <span class='ocrx_word' id='word_1_94' title='bbox 571 1852 664 1930; x_wconf 81' lang='lat' dir='ltr'>junxit</span> <span class='ocrx_word' id='word_1_95' title='bbox 673 1852 799 1928; x_wconf 81' lang='lat' dir='ltr'><strong>Hymen.</strong></span> 
     </span>
    </p>
   </div>
   <div class='ocr_carea' id='block_1_4' title="bbox 97 2100 836 2208">
    <p class='ocr_par' dir='ltr' id='par_1_4' title="bbox 97 2100 836 2208">
     <span class='ocr_line' id='line_1_17' title="bbox 97 2100 836 2208; baseline -0.003 -25"><span class='ocrx_word' id='word_1_96' title='bbox 97 2107 156 2183; x_wconf 87' lang='lat' dir='ltr'>An</span> <span class='ocrx_word' id='word_1_97' title='bbox 175 2104 303 2182; x_wconf 79' lang='lat' dir='ltr'>Bruta</span> <span class='ocrx_word' id='word_1_98' title='bbox 321 2101 472 2180; x_wconf 81' lang='lat' dir='ltr'>valeant</span> <span class='ocrx_word' id='word_1_99' title='bbox 489 2100 677 2180; x_wconf 79' lang='lat' dir='ltr'><em>Ratione?</em></span> <span class='ocrx_word' id='word_1_100' title='bbox 718 2101 836 2208; x_wconf 80' lang='lat' dir='ltr'>Neg&#39;.</span> 
     </span>
    </p>
   </div>
   <div class='ocr_carea' id='block_1_5' title="bbox 10 2286 840 3209">
    <p class='ocr_par' dir='ltr' id='par_1_5' title="bbox 10 2286 840 3209">
     <span class='ocr_line' id='line_1_18' title="bbox 10 2286 724 2406; baseline 0.001 -62"><span class='ocrx_word' id='word_1_101' title='bbox 10 2301 13 2309; x_wconf 83' lang='grc'><strong><em>’</em></strong></span> <span class='ocrx_word' id='word_1_102' title='bbox 59 2286 205 2406; x_wconf 83' lang='lat' dir='ltr'>PHyllidis</span> <span class='ocrx_word' id='word_1_103' title='bbox 216 2288 335 2367; x_wconf 80' lang='lat' dir='ltr'>egregiae</span> <span class='ocrx_word' id='word_1_104' title='bbox 348 2288 434 2343; x_wconf 86' lang='lat' dir='ltr'>niveis</span> <span class='ocrx_word' id='word_1_105' title='bbox 446 2287 588 2364; x_wconf 86' lang='lat' dir='ltr'>requiescit</span> <span class='ocrx_word' id='word_1_106' title='bbox 600 2287 628 2343; x_wconf 89' lang='lat' dir='ltr'>in</span> <span class='ocrx_word' id='word_1_107' title='bbox 641 2288 724 2356; x_wconf 82' lang='lat' dir='ltr'>ulnis,</span> 
     </span>
     <span class='ocr_line' id='line_1_19' title="bbox 121 2377 840 2455; baseline -0.01 -15"><span class='ocrx_word' id='word_1_108' title='bbox 121 2381 238 2441; x_wconf 85' lang='lat' dir='ltr'>Deliciae</span> <span class='ocrx_word' id='word_1_109' title='bbox 251 2381 381 2448; x_wconf 86' lang='lat' dir='ltr'>dominae,</span> <span class='ocrx_word' id='word_1_110' title='bbox 403 2377 499 2455; x_wconf 88' lang='lat' dir='ltr'>pulcra</span> <span class='ocrx_word' id='word_1_111' title='bbox 511 2378 611 2434; x_wconf 86' lang='lat' dir='ltr'>catella</span> <span class='ocrx_word' id='word_1_112' title='bbox 622 2378 722 2434; x_wconf 88' lang='lat' dir='ltr'>Chloe.</span> <span class='ocrx_word' id='word_1_113' title='bbox 832 2415 840 2423; x_wconf 79' lang='lat'><em>-</em></span> 
     </span>
     <span class='ocr_line' id='line_1_20' title="bbox 57 2465 748 2552; baseline -0.014 -18"><span class='ocrx_word' id='word_1_114' title='bbox 57 2465 111 2532; x_wconf 79' lang='lat' dir='ltr'>Haec</span> <span class='ocrx_word' id='word_1_115' title='bbox 123 2495 265 2552; x_wconf 88' lang='lat' dir='ltr'>nunquam</span> <span class='ocrx_word' id='word_1_116' title='bbox 276 2473 365 2530; x_wconf 90' lang='lat' dir='ltr'>vetitis</span> <span class='ocrx_word' id='word_1_117' title='bbox 379 2471 477 2546; x_wconf 88' lang='lat' dir='ltr'>implet</span> <span class='ocrx_word' id='word_1_118' title='bbox 489 2467 630 2526; x_wconf 84' lang='lat' dir='ltr'>latratibus</span> <span class='ocrx_word' id='word_1_119' title='bbox 645 2469 748 2538; x_wconf 83' lang='lat' dir='ltr'>aulam,</span> 
     </span>
     <span class='ocr_line' id='line_1_21' title="bbox 84 2563 733 2647; baseline -0.009 -19"><span class='ocrx_word' id='word_1_120' title='bbox 84 2568 141 2647; x_wconf 70' lang='lat' dir='ltr'>Qui</span> <span class='ocrx_word' id='word_1_121' title='bbox 151 2568 256 2627; x_wconf 86' lang='lat' dir='ltr'>dormit</span> <span class='ocrx_word' id='word_1_122' title='bbox 266 2566 381 2641; x_wconf 88' lang='lat' dir='ltr'><strong>Phyllis,</strong></span> <span class='ocrx_word' id='word_1_123' title='bbox 400 2563 502 2621; x_wconf 89' lang='lat' dir='ltr'><strong>dormit</strong></span> <span class='ocrx_word' id='word_1_124' title='bbox 515 2563 611 2640; x_wconf 89' lang='lat' dir='ltr'>etipsa</span> <span class='ocrx_word' id='word_1_125' title='bbox 624 2563 733 2642; x_wconf 62' lang='lat' dir='ltr'>Chloet</span> 
     </span>
     <span class='ocr_line' id='line_1_22' title="bbox 55 2654 704 2737; baseline -0.012 -17"><span class='ocrx_word' id='word_1_126' title='bbox 55 2654 172 2737; x_wconf 77' lang='lat' dir='ltr'>Agnoscit</span> <span class='ocrx_word' id='word_1_127' title='bbox 183 2659 283 2718; x_wconf 87' lang='lat' dir='ltr'>teneris</span> <span class='ocrx_word' id='word_1_128' title='bbox 293 2658 358 2715; x_wconf 84' lang='lat' dir='ltr'>data</span> <span class='ocrx_word' id='word_1_129' title='bbox 369 2656 443 2714; x_wconf 82' lang='lat' dir='ltr'>basta</span> <span class='ocrx_word' id='word_1_130' title='bbox 455 2657 532 2723; x_wconf 87' lang='lat' dir='ltr'>mille</span> <span class='ocrx_word' id='word_1_131' title='bbox 543 2655 662 2725; x_wconf 83' lang='lat' dir='ltr'>tabellis,</span> <span class='ocrx_word' id='word_1_132' title='bbox 701 2664 704 2671; x_wconf 83' lang='grc'>’</span> 
     </span>
     <span class='ocr_line' id='line_1_23' title="bbox 83 2751 599 2830; baseline -0.01 -19"><span class='ocrx_word' id='word_1_133' title='bbox 83 2755 114 2813; x_wconf 84' lang='lat' dir='ltr'>Et</span> <span class='ocrx_word' id='word_1_134' title='bbox 123 2755 182 2813; x_wconf 87' lang='lat' dir='ltr'>lusu</span> <span class='ocrx_word' id='word_1_135' title='bbox 195 2756 300 2812; x_wconf 82' lang='lat' dir='ltr'>alterno</span> <span class='ocrx_word' id='word_1_136' title='bbox 311 2751 405 2830; x_wconf 86' lang='lat' dir='ltr'>pensat</span> <span class='ocrx_word' id='word_1_137' title='bbox 415 2753 504 2809; x_wconf 87' lang='lat' dir='ltr'>amica</span> <span class='ocrx_word' id='word_1_138' title='bbox 514 2751 599 2807; x_wconf 84' lang='lat' dir='ltr'>canis.</span> 
     </span>
     <span class='ocr_line' id='line_1_24' title="bbox 53 2839 775 2926; baseline -0.011 -18"><span class='ocrx_word' id='word_1_139' title='bbox 53 2844 205 2926; x_wconf 78' lang='lat' dir='ltr'>AEgtotatue</span> <span class='ocrx_word' id='word_1_140' title='bbox 217 2848 324 2906; x_wconf 84' lang='lat' dir='ltr'>Chloe?</span> <span class='ocrx_word' id='word_1_141' title='bbox 345 2847 443 2904; x_wconf 84' lang='lat' dir='ltr'>domus</span> <span class='ocrx_word' id='word_1_142' title='bbox 457 2845 493 2900; x_wconf 88' lang='lat' dir='ltr'>est</span> <span class='ocrx_word' id='word_1_143' title='bbox 505 2842 655 2910; x_wconf 62' lang='lat' dir='ltr'>tristissimzu</span> <span class='ocrx_word' id='word_1_144' title='bbox 670 2839 775 2917; x_wconf 71' lang='lat' dir='ltr'>Phyllis</span> 
     </span>
     <span class='ocr_line' id='line_1_25' title="bbox 82 2936 601 3016; baseline -0.012 -18"><span class='ocrx_word' id='word_1_145' title='bbox 82 2937 175 3001; x_wconf 79' lang='lat' dir='ltr'>Nescit</span> <span class='ocrx_word' id='word_1_146' title='bbox 186 2940 319 2999; x_wconf 67' lang='lat' dir='ltr'>notlurnzi</span> <span class='ocrx_word' id='word_1_147' title='bbox 331 2940 424 2999; x_wconf 86' lang='lat' dir='ltr'>moesta</span> <span class='ocrx_word' id='word_1_148' title='bbox 436 2938 527 3016; x_wconf 84' lang='lat' dir='ltr'>quiete</span> <span class='ocrx_word' id='word_1_149' title='bbox 538 2936 601 2994; x_wconf 86' lang='lat' dir='ltr'>frui.</span> 
     </span>
     <span class='ocr_line' id='line_1_26' title="bbox 52 3025 785 3110; baseline -0.011 -19"><span class='ocrx_word' id='word_1_150' title='bbox 52 3030 118 3092; x_wconf 87' lang='lat' dir='ltr'>Vina</span> <span class='ocrx_word' id='word_1_151' title='bbox 129 3035 201 3093; x_wconf 88' lang='lat' dir='ltr'>bibit</span> <span class='ocrx_word' id='word_1_152' title='bbox 210 3034 326 3109; x_wconf 89' lang='lat' dir='ltr'>Phyllis,</span> <span class='ocrx_word' id='word_1_153' title='bbox 346 3030 516 3110; x_wconf 82' lang='lat' dir='ltr'>dapibusque</span> <span class='ocrx_word' id='word_1_154' title='bbox 528 3029 654 3106; x_wconf 82' lang='lat' dir='ltr'>epulatur</span> <span class='ocrx_word' id='word_1_155' title='bbox 667 3025 785 3105; x_wconf 65' lang='lat' dir='ltr'>opimis?¹</span> 
     </span>
     <span class='ocr_line' id='line_1_27' title="bbox 85 3126 612 3209; baseline -0.017 -18"><span class='ocrx_word' id='word_1_156' title='bbox 85 3135 149 3192; x_wconf 85' lang='lat' dir='ltr'>Sunt</span> <span class='ocrx_word' id='word_1_157' title='bbox 160 3133 207 3193; x_wconf 80' lang='lat' dir='ltr'>sua</span> <span class='ocrx_word' id='word_1_158' title='bbox 219 3133 325 3194; x_wconf 76' lang='lat' dir='ltr'>dilettae</span> <span class='ocrx_word' id='word_1_159' title='bbox 339 3128 442 3190; x_wconf 80' lang='lat' dir='ltr'>fereula</span> <span class='ocrx_word' id='word_1_160' title='bbox 453 3128 529 3186; x_wconf 86' lang='lat' dir='ltr'>lauta</span> <span class='ocrx_word' id='word_1_161' title='bbox 539 3126 612 3209; x_wconf 56' lang='lat' dir='ltr'>cani,</span> 
     </span>
    </p>
   </div>
   <div class='ocr_carea' id='block_1_6' title="bbox 0 0 1006 3674">
    <p class='ocr_par' dir='ltr' id='par_1_6' title="bbox 0 0 1006 3674">
     <span class='ocr_line' id='line_1_28' title="bbox 0 0 1006 3674; baseline 0 1"><span class='ocrx_word' id='word_1_162' title='bbox 0 0 1006 3674; x_wconf 95' lang='lat' dir='ltr'> </span> 
     </span>
    </p>
   </div>
  </div>
 </body>
</html>
