2002 3674
116 218 156 273 10
372 211 712 280 CARMINA

129 489 195 568 An
207 486 314 567 detur
332 488 528 569 Generatio
538 490 749 600 aequivoca?
769 489 958 600 Negatur·.

201 688 232 750 U
242 691 278 752 M
296 690 366 752 stetit
377 692 557 753 Astronomur
569 695 634 775 tedii
645 694 702 754 alto
712 696 741 754 in
753 693 885 768 culmine,
905 701 980 760 miro

230 791 430 871 Exploramrue
441 791 526 852 fidera
540 793 645 854 summa
654 796 736 866 vitro,

60 876 69 884 ’
110 883 171 943 En!
192 884 335 946 hominem
347 888 377 945 in
388 885 455 945 lund
465 905 559 974 cerro,
572 888 662 968 inquit
669 915 679 958 ;
692 888 790 961 adeste,
800 888 956 970 propinqui
967 891 992 947 ς’

148 976 208 1038 Hic
217 981 317 1061 aliquis
328 981 415 1042 vitam
427 983 597 1063 prodigiosus
611 986 678 1065 agit.

109 1070 205 1149 Qdm
215 1074 309 1153 largus
320 1087 416 1133 venter
427 1075 434 1131 !
456 1090 573 1153 quantus
584 1079 643 1154 post
654 1092 764 1158 tergora
774 1075 892 1157 gibbus!

148 1165 193 1225 E'n
206 1167 213 1225 !
233 1187 282 1227 ora
294 1168 521 1249 exhaustoqudm
532 1170 685 1231 rubicunda
697 1191 775 1231 mero
787 1169 796 1229 i

109 1255 221 1319 Dixeris
231 1263 409 1323 Astronomus
421 1261 486 1322 licet
497 1264 567 1335 haec,
587 1265 688 1348 sidricia
698 1286 755 1328 non
768 1264 823 1332 este

149 1353 219 1430 Qis
232 1356 280 1417 fiat
291 1369 370 1437 pater
380 1358 457 1430 huic,
476 1359 522 1418 dic
532 1360 612 1430 mihi,
634 1372 730 1440 quaeve
742 1359 862 1439 parens?

107 1444 194 1506 Hunc
203 1450 347 1511 hominem
358 1453 434 1512 haud
445 1457 551 1533 peperit
564 1448 704 1517 ca'stiffima
713 1457 780 1515 luna
793 1479 804 1523 ;
829 1447 975 1512 cerebrum

146 1542 319 1605 Crediderim
329 1546 422 1626 potiiu
433 1548 605 1628 progenniffe
616 1561 704 1608 tuum.

104 1840 173 1922 An
188 1836 324 1949 Prefflo
341 1840 513 2034 Aerislgt
524 1845 642 1954 Causa
655 1844 774 1952 AEssds
786 1845 960 1929 marini?

493 1973 634 2062 egatus.

191 2174 260 2238 UO
278 2173 368 2236 fluxus
379 2173 491 2234 audore
502 2172 613 2244 Thetis,
632 2173 688 2254 qud
698 2187 836 2255 temperat
844 2175 924 2250 aiud,

220 2270 306 2332 Unde
317 2271 388 2331 subit
399 2269 495 2330 refluas
508 2271 579 2339 adia,
597 2269 709 2329 redadia
717 2271 803 2339 vices,

103 2370 213 2453 Qraerit
223 2365 381 2427 Aristoteles
393 2367 461 2426 dum
472 2367 529 2426 solo
540 2367 569 2425 in
580 2365 683 2432 littore,
701 2364 775 2421 fallit

22 2526 27 2535 ,
73 2488 81 2513 0
141 2460 229 2523 Heu!
249 2457 329 2516 labor
341 2456 446 2516 elusum
459 2457 539 2516 nodie
551 2452 651 2534 dieque
662 2451 762 2513 senem.

101 2554 188 2618 Hane
199 2570 267 2621 non,
284 2549 369 2630 Juno‚
387 2549 471 2630 regis,
489 2547 615 2628 qur‘unvie
629 2548 680 2607 tibi
691 2563 787 2627 pareat
798 2551 906 2621 aethere

140 2644 222 2716 Non',
240 2643 289 2722 qui
300 2654 381 2702 antro
391 2655 499 2711 ventor,
519 2640 612 2711 AEoIe,
626 2640 742 2710 claudis,
754 2643 803 2701 ait.

101 2737 234 2819 Qrisquis
245 2756 287 2807 es,
304 2736 334 2795 in
346 2735 458 2816 liquidis
471 2733 561 2794 latitas
574 2734 623 2812 qui
634 2733 752 2804 sedibus,
772 2735 809 2794 ad
821 2746 850 2796 te

140 2829 206 2902 Ibo,
224 2829 273 2899 ait,
292 2840 321 2888 et
331 2847 454 2908 praeceps
466 2845 580 2908 aequora
591 2826 620 2886 in
631 2826 688 2887 ima
699 2827 763 2886 ruit.

102 2923 180 3003 Qro,
198 2921 346 2997 malesane,
364 2923 443 2984 ruis?
462 2923 562 3003 prodet
573 2941 630 2982 nox
639 2921 768 3003 proxima
778 2919 913 2996 caussam,

140 3016 250 3090 Metui,
267 3018 346 3095 luna,
364 3016 767 3102 tuosquaeregit,i111marir.
