2002 3674
113 245 177 292 110
369 219 714 335 'CARMINA

230 458 295 536 An
324 457 451 536 Bruta
469 457 661 562 Cogitent?
717 460 761 537 N
762 470 834 569 eg‘.

100 644 273 770 DUcitur,
286 641 423 703 immensu
434 643 513 723 vulgi
524 642 673 705 comitante
686 646 805 719 caterva,

221 739 272 796 Per
284 737 387 814 plateas
401 736 521 815 phaleris
534 735 742 814 conspiciendus
756 760 857 821 equus:

98 836 188 895 Novit
198 834 257 892 heri
269 850 377 902 vocem,
397 830 446 890 scit
458 831 557 890 chartis
568 830 662 890 ludere
673 833 764 910 picris,

134 930 231 1007 Atque
244 938 330 996 notat,
350 925 410 1002 quis
422 925 468 982 vel
480 923 533 992 fur,
552 924 597 983 vel
611 925 718 984 adulter
731 929 814 987 adest.

99 1025 184 1082 Anna
194 1022 288 1080 sonat?
309 1018 409 1097 premit
418 1018 465 1079 ille
478 1037 551 1098 gerru
564 1019 639 1097 quasr
651 1019 773 1099 supplice
784 1036 891 1092 terram,

134 1113 226 1172 Invisa
239 1112 274 1171 ad
284 1112 386 1169 Turcae
398 1110 512 1168 nomina
525 1110 601 1169 calce
614 1110 687 1170 ferit.

95 1209 162 1267 Hoc
175 1207 242 1265 facit
253 1206 288 1264 ad
299 1204 405 1263 domiui
419 1218 526 1273 nutum,
545 1207 736 1284 crepitumque
748 1205 863 1288 flagelli3

133 1302 197 1359 Nec
211 1299 314 1383 quaevis
327 1296 407 1357 illum
420 1317 497 1357 mens
510 1298 615 1357 ratiove
626 1298 707 1377 regit.

96 1397 144 1453 Sin
154 1395 249 1470 jubeat
262 1393 400 1460 dominus,
420 1391 535 1469 repetiti
547 1392 593 1451 hic
606 1392 727 1453 calcibus
742 1393 826 1456 Arme

134 1486 245 1552 Saeviet‚
270 1498 298 1542 et
309 1483 399 1541 Hester
412 1482 469 1542 fors
483 1484 544 1557 tibi,
564 1484 672 1554 Turta,
690 1505 775 1569 genu.

92 1696 158 1776 An
186 1719 282 1771 omne
302 1690 448 1794 Corpus,
478 1684 650 1876 guargdgu
672 1687 797 1788 vivat,
825 1685 915 1772 nutri·

389 1806 496 1877 atur?
642 1830 664 1878 τ.

90 1990 290 2114 Pontificum
304 1985 414 2046 annales
427 1983 506 2050 inter,
526 1981 645 2060 speciosa
656 1984 770 2063 piorum
830 2057 833 2063 Ι

194 2087 214 2142 F
218 2088 348 2164 igmenta‚
367 2082 427 2139 haec
439 2079 539 2158 legitur
551 2078 656 2149 fabula,
675 2080 764 2160 digna
776 2085 839 2165 legi.

85 2180 244 2238 Damnatus
255 2176 362 2235 vetulus
376 2172 504 2240 tenebris,
517 2170 662 2251 insonsque
672 2172 785 2248 jubetur
877 2206 880 2211 ¹

131 2275 222 2348 (Saeva
232 2272 314 2330 nimis
326 2268 396 2327 sonti
410 2271 503 2345 poena)
516 2267 605 2344 perire
619 2267 706 2326 fame:

76 2370 177 2449 ¹Arcus
193 2365 383 2445 compedibus,
402 2364 471 2420 duro
484 2361 592 2420 custode
604 2376 721 2431 tenetur,

127 2462 190 2519 Nec
203 2461 279 2516 cibus
293 2457 392 2520 oranti.
412 2472 463 2510 nec
476 2454 556 2513 datur
568 2454 643 2512 unda
653 2454 724 2513 seui:

89 2557 297 2635 Nequicquam.
338 2547 436 2606 Prisca:
449 2562 592 2605 remanent
604 2550 633 2606 in
647 2568 762 2628 corpore
772 2552 851 2620 vires,

71 2713 75 2727 Ι
128 2651 197 2709 Non
208 2647 287 2723 vigor
300 2663 315 2699 e
327 2639 469 2707 membris,
490 2659 546 2697 nun
558 2640 631 2719 fugit
643 2661 690 2700 ore
703 2645 789 2702 color.

88 2746 168 2806 Plebs
179 2737 321 2821 patresque
334 2736 440 2813 stupent
451 2734 568 2812 dapibus
579 2736 758 2815 pinguescere
767 2737 858 2805 nullis,

127 2840 163 2895 Et
183 2846 310 2913 portenta
330 2830 401 2886 inter
424 2826 562 2908 relligiosa
583 2843 689 2887 notant.

87 2934 202 2997 Mittite,
223 2925 353 2992 Romani,
375 2923 508 2981 miracula
531 2941 603 2979 vana
623 2922 748 2982 referre:

125 3029 226 3105 Ignoto
251 3019 329 3078 uobis
354 3016 470 3075 vescitur
495 3016 541 3076 ille
566 3017 641 3076 cibo.

84 3121 183 3199 Jejuno
195 3115 266 3193 putri
281 3113 327 3189 pia
341 3111 432 3168 nutrix
447 3109 531 3167 ubera
544 3108 650 3186 praebet

124 3209 204 3277 lilia,
225 3206 292 3262 dum
307 3205 402 3272 vitam,
422 3216 541 3262 traxerat
555 3201 627 3260 unde
640 3200 726 3261 suam.
