2002 3674
57 220 100 284 30
313 164 655 261 οΑκΜΙΝΑ

48 315 108 392 Qti
120 313 198 391 sapit,
217 314 278 372 hac
288 312 380 370 varior
392 312 510 370 colledla
519 313 631 389 reponit
642 311 674 371 iu
684 310 758 383 usur,

90 406 210 465 Artificis
220 407 296 464 lento
309 406 383 463 cultu
395 404 493 463 labore
501 406 612 464 munds.

49 498 166 557 Tortilis
178 497 244 556 binc
255 498 338 555 lituus
350 515 458 575 pugnas
470 493 612 565 accendet,
630 511 660 555 et
670 516 748 556 arcun

89 590 133 648 Ex
145 588 261 647 humero
274 588 393 647 nitidum
403 585 584 663 conspicietur
596 604 677 645 onus.

51 679 128 738 Hinc
141 699 253 738 rancum
266 678 403 756 expromit
415 676 539 735 venatrix
549 676 667 736 buccina
677 694 806 749 cantum

90 771 167 829 Hinc
179 771 365 849 tibilargitur‚
384 768 488 833 rustice,
507 767 666 827 vinacalix.

51 861 118 920 Hoc
131 862 258 920 instruila
269 860 329 920 suos
343 860 474 937 percurrit
486 858 594 936 pedline
605 860 706 932 crines,

91 956 128 1013 Et
140 956 220 1034 regit,
239 970 267 1014 et
279 955 361 1014 docli
372 955 472 1014 dividit
483 968 541 1013 arte
554 956 656 1015 chloe.

50 1045 173 1125 Protegit
183 1048 237 1105 boc
249 1049 325 1105 tenui
335 1048 485 1106 studiorum
494 1048 633 1107 elementa
642 1046 758 1119 tabelli,

87 1139 134 1196 Ne
146 1153 217 1197 terat
228 1141 339 1199 indodo
351 1141 453 1216 pollice
466 1141 565 1218 scripta
577 1160 654 1219 puer.

49 1233 83 1292 In
95 1233 270 1314 quascunque
280 1253 362 1293 vocer
374 1249 455 1302 artes,
475 1232 497 1291 it
508 1233 609 1303 flexile,
627 1233 706 1304 belli,

88 1324 297 1404 Nympharum,
315 1324 405 1397 studii,
423 1325 579 1404 laetitiaeque
591 1342 695 1386 comeo.

119 1518 184 1594 An
199 1513 448 1621 Idemsemper
465 1531 557 1622 agat
572 1513 696 1595 Idem?
735 1511 806 1596 Aff
807 1522 828 1594 ¹.

50 1652 148 1775 STat
159 1653 258 1713 domus
270 1653 388 1731 antiquis
399 1653 498 1714 Romae
510 1653 618 1712 suffulta
629 1652 726 1723 ruinis,

110 1747 189 1807 Olim
201 1747 277 1806 sacra
287 1747 350 1816 tuit,
370 1747 433 1807 laete
445 1748 540 1824 Lyaee,
558 1747 666 1814 chorire

21 1872 26 1881 ·
50 1835 121 1913 Quae
133 1841 178 1898 vel
191 1840 281 1899 adhirc
291 1839 356 1908 fida,
374 1853 402 1899 et
413 1840 512 1898 veterio
524 1857 580 1897 uon
593 1840 741 1898 immemor
752 1834 821 1904 ulit,

87 1931 174 1990 Dona
184 1931 223 1990 sui
236 1931 324 1990 servat
336 1932 516 2009 laetitiamque
528 1930 593 1987 Dei.
743 1937 746 1941 ’

51 2022 186 2081 Venditat
197 2023 244 2082 hic
256 2042 355 2101 caupo,
374 2020 505 2101 quicquid
517 2021 660 2079 vindemia
670 2021 740 2080 felix

87 2115 178 2174 Mittit
190 2117 226 2175 ab
236 2116 367 2193 Hispanis
378 2115 501 2175 Italiaeve
511 2114 594 2192 jugis.

46 2209 135 2267 Mane
147 2228 220 2269 novo
231 2207 277 2268 hic
288 2209 377 2268 bibuli
390 2209 503 2285 juvenen
514 2206 649 2266 libamina
660 2203 793 2279 fundunt,

73 2317 75 2321 ’
85 2306 122 2363 Et
133 2306 204 2365 calet
214 2305 337 2385 appofito
348 2304 431 2364 serior
443 2308 512 2364 bora
522 2323 605 2364 mero

48 2402 141 2460 Roma
153 2402 221 2460 alios
233 2412 371 2475 utcunque
383 2398 459 2458 Deos
475 2397 491 2456 ὲ
506 2397 643 2458 moenibus
655 2409 740 2466 arcet,
822 2436 826 2443 -

85 2500 219 2556 Lenaeum
229 2492 309 2551 solitai
320 2494 464 2572 relligione
476 2495 552 2554 colit.

47 2694 111 2770 An
123 2683 324 2768 Contraria
329 2681 455 2875 poffiNnt
465 2683 524 2793 effi
537 2683 577 2762 in
591 2680 704 2762 eodem
716 2677 895 2789 Subjetlo?

424 2814 563 2902 egatnr.

124 2939 195 2998 UM
207 2937 284 3014 super
295 2937 391 2995 Idaliae
403 2950 510 2994 montes
522 2933 637 2994 dilectus
648 2931 758 2990 Adonis

143 3033 177 3091 In
190 3031 296 3109 gremio
307 3029 429 3107 languet,
449 3028 554 3105 Cypria
566 3026 651 3092 Diva,
669 3035 719 3083 tuo
727 3048 736 3092 ς

40 3119 209 3202 Negletium
223 3123 302 3200 nigri
314 3120 451 3199 dependet
461 3120 497 3180 ab
507 3120 568 3178 ilice
580 3133 677 3183 cornu,

64 3211 128 3275 Nec
138 3216 192 3275 ciet
204 3213 336 3274 iniurillor
350 3231 400 3292 per
408 3212 477 3295 juga
489 3211 594 3272 summa
605 3224 705 3270 erues.

23 3382 67 3460 k
124 3504 133 3516 ,

828 3256 924 3361 Hm.
