2002 3674
86 287 148 339 102
311 257 654 326 CARMINA

86 386 126 445 At
136 382 244 464 quot'nt
256 380 336 460 agilis
347 378 475 439 miserum
485 379 550 438 calx
562 375 659 436 effodit
669 395 763 444 anum,

128 478 310 557 Sympathico
329 477 401 536 nuris
419 476 533 534 verbere
553 472 617 533 laesa
640 472 733 540 dolet;

91 575 192 633 Acrior
203 585 231 631 et
243 573 355 632 rostrum
367 571 477 630 morbus
489 570 615 638 srtentat,
636 566 737 628 eidem

130 662 276 724 Consentes
289 665 424 742 squallent
437 665 521 742 peste,
539 675 703 742 putrentque
716 674 803 719 uates.

94 761 255 829 vestorum,
274 762 369 830 Cotta,
388 773 416 818 et
427 761 540 827 Vester,
559 771 590 815 tu
602 771 716 836 protege
728 756 848 823 Cottam,
930 754 932 768 ³

135 853 243 912 Neuter
255 855 340 926 euim,
360 854 410 914 nist
419 854 451 914 sit
462 853 541 914 sanus
552 864 677 930 uterque,
696 850 780 910 valet.

98 1104 165 1185 An
179 1101 271 1185 Geli
285 1102 443 1211 influant
461 1101 513 1275 in?
521 1100 798 1290 Genegptionem
816 1094 925 1177 Vivet

393 1215 501 1292 tium.
570 1219 606 1292 A
656 1274 665 1293 .

107 1399 195 1522 CU
207 1401 243 1460 M
255 1399 314 1460 sera
326 1400 443 1460 'diluvies
456 1399 544 1458 merso
556 1399 677 1458 desaeviit
689 1398 767 1470 orbe,

216 1491 253 1550 Et
265 1491 350 1550 coluit
361 1491 434 1548 raios
447 1509 509 1548 rara
518 1490 633 1566 juventa
644 1490 731 1558 lareee

104 1582 271 1642 Coelicolum
284 1581 385 1639 lasciva
397 1581 496 1640 cohors
507 1580 634 1639 sublimia
644 1581 772 1658 linquens

140 1677 245 1746 Sidera,
265 1676 397 1735 terrestres
409 1673 494 1734 sert'ur
507 1675 590 1733 adisse
603 1695 696 1733 nurus.

74 1755 82 1762 “
106 1769 152 1829 De
162 1769 232 1826 duce
243 1758 356 1826 terribili
370 1768 400 1825 fir
412 1770 527 1826 Mavors
542 1767 658 1825 blandus
671 1779 791 1835 amator,

145 1860 183 1918 Et
193 1858 336 1936 plusquam
350 1859 428 1915 solito
440 1858 559 1916 Phoebus
570 1858 606 1915 ab
619 1859 683 1936 igne
696 1860 777 1917 calet.

108 1953 214 2030 Jupiter
225 1950 299 2009 haud
311 1948 366 2006 unzi
380 1949 453 2005 celat
464 1949 512 2007 sub
525 1950 646 2028 imagine
657 1950 779 2017 furtum

147 2047 350 2112 Numanum,
370 2043 516 2111 uerebor,
536 2064 609 2103 nunc
620 2045 650 2103 fit
663 2046 850 2104 adulteravit.

110 2138 156 2195 Sic
168 2154 241 2194 nova
253 2135 328 2212 stirps
340 2134 496 2203 hominum,
515 2135 648 2194 coelorum
660 2156 774 2196 munere
784 2136 873 2217 surgit,

149 2229 187 2288 Et
196 2246 265 2308 quos
278 2229 319 2286 ira
329 2227 422 2287 Delum
435 2226 564 2307 perdidit,
584 2231 659 2289 auxit
672 2249 758 2289 amor.

111 2485 180 2564 An
205 2480 331 2557 Mutus
358 2477 595 2580 projessorum
609 2477 690 2583 fiat
714 2477 761 2557 ab
781 2481 936 2586 Impetus

243 2586 470 2690 Projicieute
496 2589 680 2697 impreſjo?
737 2590 839 2672 Aff¹.

155 2778 183 2836 T
194 2776 225 2836 U
236 2777 261 2834 R
275 2777 311 2836 ad
323 2776 451 2855 Augusta
465 2773 520 2855 qud
531 2774 602 2834 celsa
614 2776 727 2854 palatia,
746 2776 859 2847 collem,

205 2870 317 2929 Tertius
336 2870 441 2929 Oxonii
454 2870 543 2948 srgnat
562 2869 598 2927 ab
616 2869 682 2928 urbe
699 2870 780 2948 lapis.

117 2963 835 3114 ‘³llllllllsslllssrrllzll“³'’
876 3030 880 3037 ·

121 3151 200 3210 Dum
210 3148 290 3206 multi
301 3161 428 3208 exercent
441 3167 520 3227 aequo
532 3148 679 3207 certamine
690 3149 772 3221 vires,

159 3242 324 3320 Imbellique
335 3241 445 3300 vibrant
456 3243 532 3303 irrita
544 3244 600 3306 tela
612 3239 706 3316 manu,

236 3370 252 3410 ⁵
264 3367 391 3441 Sbotover
402 3364 470 3428 Hill.
483 3447 484 3452 ἵ
