2002 3674
184 145 761 237 QUADRAGESIMALIA.
845 169 905 238 105

64 415 120 493 Aa
155 408 346 490 Elementa
391 425 561 488 maneant
596 406 819 516 formaliter
868 406 910 488 in

320 517 474 599 Mixto?
531 520 649 628 Neg'.

63 707 242 824 pHarmaca
253 703 398 766 confundit
410 703 516 765 fluviali
526 704 687 766 'Tintoret
697 708 795 779 unda,'

154 799 287 876 Vinaque
299 799 415 858 {incerat
428 798 457 856 in
471 815 545 856 nova
555 801 638 857 vertit
652 819 756 879 aquas:

63 887 157 950 ’ocula
167 891 286 968 decepto
297 891 394 951 vendit
405 891 544 949 medicata
563 892 686 969 popello,

94 984 224 1063 Notaque
236 984 335 1042 fucatis
348 985 461 1043 nomina
474 985 553 1062 ponit
565 985 656 1063 aquia.

62 1072 132 1136 'dinc
144 1076 195 1135 tibi
208 1076 385 1154 Campanum
398 1076 546 1154 depromit,
565 1078 667 1135 atinde
679 1076 838 1146 Falernum,

95 1169 237 1250 Qiaquid
248 1169 333 1228 habet
345 1170 456 1237 Gallus,
477 1171 610 1250 quicquid
623 1171 719 1232 Iberus
732 1171 826 1231 habet.

61 1256 123 1322 Non
134 1281 218 1340 aqua,
237 1279 294 1319 non
304 1262 400 1320 vinum
412 1263 459 1331 est,
478 1260 524 1320 sed
534 1283 631 1322 verum
642 1264 767 1325 imitante
778 1263 898 1343 Lyaeum

94 1356 232 1427 Flumine,
249 1354 360 1416 vinosus
370 1357 401 1416 fit
413 1357 469 1416 fine
480 1357 536 1415 vite
547 1357 650 1437 liquor.

111 1578 178 1656 Aa
191 1601 288 1654 omne
301 1577 435 1682 Corpus
449 1566 709 1684 componatur?
765 1572 862 1659 Aff.

114 1759 205 1822 Uaria
217 1779 274 1839 quo
286 1760 361 1820 vitiu
373 1760 518 1822 Cornubia
530 1761 669 1842 gaudeat?
690 1773 789 1829 artem,

174 1854 241 1934 Qui
252 1856 354 1916 formet
364 1858 498 1936 placidas.
509 1858 623 1937 accipe,
642 1857 745 1937 Phylli,
764 1855 859 1940 dapet.

59 1943 141 2028 Erige
163 1950 273 2009 triticeo
293 1951 421 2011 Cerealia
446 1953 550 2014 moenia
571 1952 659 2021 farreo

92 2041 132 2105 Et
150 2043 257 2122 pandat
277 2045 387 2124 largum
406 2045 491 2104 massa
512 2046 631 2105 rotunda
650 2045 755 2113 finumo

59 2137 134 2196 I'um
146 2155 232 2215 poma
243 2136 273 2195 in
287 2138 415 2195 minimas
428 2136 581 2195 redolentia
593 2137 686 2195 divide
699 2149 789 2214 parte·
800 2161 811 2208 3

92 2227 131 2287 Et
142 2247 258 2286 carnem
270 2227 381 2304 pinguis
393 2224 579 2304 suppeditabit
588 2226 666 2284 ovio:

58 2319 144 2398 Cape
156 2318 286 2397 saporato
299 2317 442 2397 contingat
455 2329 553 2376 catera
567 2316 665 2386 succo;

93 2408 200 2485 Sparge
213 2418 307 2465 tamen
319 2403 403 2482 parci
417 2403 510 2465 flebile
523 2423 599 2484 caepe
613 2423 708 2467 manu.

58 2495 108 2557 ista
120 2497 193 2557 bene
205 2497 361 2579 compositis
373 2499 464 2567 rebus,
484 2512 522 2569 te,
541 2498 647 2578 Phylli,
666 2496 781 2580 tuasque

96 2588 242 2654 Laudabit'
251 2594 351 2652 mixtas
363 2593 458 2654 helluo
470 2593 584 2674 quisque
596 2594 692 2676 dapes.

86 2813 152 2890 An
173 2807 311 2890 Caium
330 2827 422 2916 agat
454 2810 494 2889 in
509 2807 718 2889 Animum?
773 2753 891 2916 Nag'.

60 2997 227 3123 Mlttitur
248 2997 367 3058 incultus
387 2995 462 3056 villa
482 2993 635 3075 praedivitia
658 2994 756 3064 hares,

195 3093 262 3175 Qt
271 3094 331 3172 jam
342 3094 448 3172 pacatis
459 3094 586 3175 Sequana
595 3092 666 3155 ludit
678 3091 770 3172 aquiat

226 3243 354 3316 *iotha
372 3246 424 3307 No.
440 3263 504 3327 ¹3¹·
