2002 3674
87 160 131 244 a
346 152 688 224 canurua

87 262 161 340 aare
172 283 311 343 connato,
329 269 411 332 sonus
422 273 459 331 est
473 275 651 352 compressum
670 279 796 339 amicum
826 321 830 326 .

127 367 237 426 Navita
247 365 407 442 compellat,
424 384 480 425 vox
490 367 628 446 utriusque
638 370 705 428 silet.

90 460 266 542 Diffugiente
277 459 352 537 gelu,
372 458 451 517 sonus
467 460 665 530 estresolutus;
684 464 776 523 amico

127 556 226 615 Nauta
237 566 345 611 tacente
356 564 439 622 tacet,
459 572 516 612 vox
529 554 667 633 utriusque
679 557 781 634 strepit.

88 649 211 710 Auribus
223 645 374 705 adveniunt
384 645 513 725 perjuria,
530 662 607 720 vota,
627 650 791 730 precesquer

127 745 269 821 Plenaque
281 738 399 798 eunfuiis
410 755 563 801 murmurat
574 763 641 802 aura
654 744 736 802 sonis,

89 848 161 927 Qae
170 841 269 900 durata
276 836 351 916 prius
361 839 502 918 strepitum
513 841 644 920 conclufit
652 843 790 913 hiantum,

128 940 192 1016 Jarn
202 933 351 1014 liquefarta
361 939 447 1015 potest
460 957 525 997 aura
536 939 582 998 vel
595 937 655 1017 ipsa
666 939 754 1016 loqui.

86 1200 156 1278 ‚An
185 1174 282 1272 omae
296 1195 431 1297 Corpus
448 1189 580 1270 habeat
596 1190 853 1272 determinatos
865 1188 918 1300 su

220 1302 484 1411 ›Qantitatis
498 1303 632 1384 Fines?
689 1301 788 1385 Aff¹.
831 1367 834 1375 .

90 1492 240 1623 RAptus
253 1490 336 1560 abest,
355 1490 391 1548 sic
403 1502 430 1548 te
443 1488 574 1549 leuiorem
586 1489 682 1550 charta
691 1490 828 1561 monebit,
842 1516 847 1524 ·

210 1585 346 1643 Hestemai
356 1585 551 1662 Hampsteadis
564 1587 644 1645 noete
662 1585 785 1644 caballus
796 1586 880 1665 agris.

92 1682 209 1743 Stellula
220 1681 310 1739 fronte
320 1681 416 1750 micat,
434 1681 525 1758 primo
535 1681 564 1738 in
576 1682 648 1758 pede
659 1681 778 1740 candida
787 1682 876 1749 labes,

130 1775 277 1838 Subsusctn
286 1775 365 1833 color
376 1775 423 1843 est,
441 1773 585 1851 caudaque
595 1775 679 1834 verrit
690 1774 825 1833 humum:

90 1869 183 1948 Nigra
190 1867 258 1943 juba
268 1868 315 1936 est,
334 1880 417 1943 eaput
429 1878 566 1944 argutum,
586 1867 763 1934 curtaauris3
784 1881 814 1926 et
826 1887 919 1938 annus,

131 1964 263 2023 Proxima
276 1961 342 2021 cum
351 1963 458 2020 vireant
469 1958 605 2037 gramina,
624 1969 735 2036 quartus
748 1963 810 2019 erit.

92 2059 132 2120 At
144 2072 249 2118 certam
261 2069 356 2114 cautus
368 2052 522 2114 mensuram
535 2064 599 2137 ante
612 2053 707 2110 omnia
718 2052 827 2123 serves;

131 2154 216 2211 Hanc
227 2163 335 2210 mutare
346 2149 432 2226 potest
444 2147 534 2206 nullus
547 2145 630 2225 agaso
642 2159 753 2206 notam:

91 2245 209 2326 Unguli
221 2247 257 2304 ab
269 2243 402 2313 extremi,
422 2242 493 2302 bene
505 2242 526 2300 sr
536 2242 652 2311 metiris,
673 2241 709 2300 ad
721 2262 813 2303 armus

132 2340 177 2399 Bis
188 2338 293 2416 septem
305 2339 407 2415 poteris
419 2335 593 2394 dinumerare¹
604 2354 712 2392 manus.
839 2344 842 2349 ‘

94 2435 163 2495 Non
175 2451 262 2509 equus
276 2431 323 2488 ille
335 2427 423 2501 niens,
443 2430 463 2486 ii
475 2428 521 2488 vel
531 2428 646 2505 paulurn
657 2428 738 2487 altior
746 2442 838 2501 extet,

134 2526 199 2583 Sive
210 2523 301 2583 minor
312 2522 404 2593 fuerit,
424 2542 482 2582 non
494 2541 580 2601 equus
593 2523 641 2584 ille
653 2543 740 2584 meus.

90 2792 816 2902 AnstntpluresAnimaeinunoViuente?
836 2792 918 2898 Neg

92 2980 284 3107 UNguibus
295 2981 385 3040 infixis
397 2978 493 3039 ludens
506 2979 610 3047 circium
620 3000 669 3040 ora
680 2979 822 3059 Corinnae,

212 3082 355 3141 Dilaccrat
368 3080 455 3141 roseas
468 3080 531 3141 felis
543 3096 634 3139 amata
644 3101 740 3160 genas.

92 3173 222 3233 Vulneris
234 3175 380 3252 impatiens
393 3176 472 3254 virgo
486 3174 635 3234 exardescit
646 3176 675 3234 in
687 3176 776 3245 iram;

134 3266 228 3338 Saevit,
247 3280 275 3327 et
285 3267 401 3328 infensae
415 3269 698 3347 adjuvatiramnnue.
