2002 3674
188 53 824 196 annnncnstntnmn.
892 129 933 196 53

62 225 147 298 Huc,
156 226 295 297 ·Sabrina,
313 225 377 286 veni
387 252 396 296 ς
415 247 464 305 per
474 226 562 285 Nerei
573 225 679 303 sceptra
690 225 795 285 vetusta

106 320 182 389 Oto,
200 340 251 399 per
261 320 387 380 immenti
398 321 516 379 numina
530 338 633 399 magna
643 320 735 378 macic.

62 408 155 479 an‚·
166 409 296 478 Sabrina,
315 410 399 469 veni:
422 408 672 488 faveat-Neptunia
683 407 786 484 conjux

105 501 154 560 Sic
165 500 228 571 tibi,
247 500 283 560 fic
295 520 366 579 puro
376 501 489 560 flumine
500 520 564 559 rnra
576 499 658 561 seces.

63 591 143 671 Qtin
156 610 219 671 age,
238 592 392 671 gemmanti
404 593 477 651 rivos
488 592 639 669 praelabcre
650 614 752 662 curruz

104 684 184 762 Qin
195 697 309 760 propter
315 684 412 745 salices
424 683 482 754 nte,
501 686 576 754 Dea,
595 685 654 745 fiste
664 700 747 746 rotas.

10 784 18 795 '
63 772 95 832 si
107 775 160 858 tibi
169 776 315 835 NaYadnm
327 778 405 837 castae
414 779 544 855 placuere
556 779 675 848 choreae,

105 868 135 927 Si
143 872 271 928 'mentem
281 872 372 949 tangit
382 869 547 951 virginitatis
559 872 646 929 honos
657 896 667 939 3

65 958 134 1017 Huc
145 960 249 1019 intatta
258 960 331 1020 feras
343 963 460 1022 celerem
473 982 523 1041 per
534 965 660 1042 gramina
670 966 806 1042 plantam,

103 1052 179 1124 Huc,
197 1053 293 1114 orante
303 1055 351 1133 pia
358 1058 477 1137 virgine,
494 1059 585 1136 virgo,
605 1060 678 1117 veni.

68 1302 132 1380 An
145 1291 324 1407 Locus'stt
341 1300 490 1408 aequalis
500 1301 673 1381 Locato?
693 1304 929 1384 Affirmatur.

149 1488 231 1568 Spice
240 1486 371 1545 Eremitae
382 1485 541 1564 congestum
551 1486 650 1564 cespite
661 1489 782 1558 culmen,

140 1586 144 1591 ’
186 1581 224 1639 Et
236 1580 302 1639 culti
315 1591 379 1637 ante
391 1578 464 1636 fores
473 1578 571 1655 jugera
583 1598 673 1656 pauca
684 1581 744 1639 soli.

67 1676 138 1738 Haec
150 1673 286 1737 meditans
299 1672 326 1730 se
335 1672 437 1732 solatur
448 1697 456 1738 ;
476 1671 541 1730 licet
553 1672 621 1731 abfit
632 1673 722 1733 inanis

103 1767 222 1842 Pompa,
241 1762 307 1824 licet
317 1765 388 1821 tecto
400 1763 489 1842 regius
501 1762 569 1821 abfit
580 1765 679 1822 honos.

65 1859 197 1918 Attamen
208 1857 260 1914 hos
271 1853 343 1914 intra
356 1874 448 1915 muros
457 1855 606 1934 tranquilla
616 1857 753 1935 voluptas,

104 1950 238 2007 Attamen
249 1944 297 2003 hic
307 1944 419 2020 placida
430 1964 494 2003 cum
505 1946 605 2020 pietate
615 1947 705 2022 quiea.
763 2016 774 2026 ,

65 2040 123 2100 Hic
132 2040 210 2098 audit
218 2037 296 2094 lucus
306 2033 364 2093 solo
377 2033 425 2092 sub
438 2034 547 2110 vespere
558 2048 679 2106 cantum,

103 2133 176 2192 Haec
186 2129 321 2190 matutino
331 2127 455 2185 carmine
467 2127 531 2184 saxa
541 2127 647 2185 sonant.

63 2225 173 2284 Tecum
187 2223 299 2291 habeas,
318 2219 418 2279 Praesul
431 2219 569 2288 Romane,
588 2221 691 2296 palatia
708 2221 800 2287 celsae

103 2317 177 2378 Hac
188 2315 277 2396 magis
287 2316 324 2375 est
337 2315 413 2387 cattia
426 2313 548 2373 moribus
560 2327 626 2391 apta
638 2314 746 2403 domus.
790 2374 795 2381 ,

62 2522 132 2603 An
143 2522 248 2601 Mors
266 2519 457 2598 conveniat
470 2519 565 2598 omni
581 2517 791 2598 Animata?
823 2517 927 2599 Afff.

157 2703 346 2782 Hermopylas
361 2705 378 2754 .*
390 2703 483 2763 lustrat
494 2701 563 2761 dum
570 2703 633 2761 vitae
646 2703 779 2782 prodigus
792 2703 884 2773 heros,

196 2798 267 2861 Haec
279 2795 339 2858 acie
349 2795 379 2854 in
389 2793 489 2873 prima,
505 2793 565 2870 jam
576 2796 733 2864 moriturus,
752 2794 799 2852 ait.

351 2967 370 3003 ³⁸
389 2963 508 3024 Glover's
522 2965 652 3023 Leonidas.

499 3117 548 3192 Pa
