2002 3674
123 175 127 185 ·
201 172 786 271 Qurmaremsturtra
871 216 915 285 47

87 294 248 362 Manemrum
257 303 395 380 linquens,
414 314 443 361 et
452 301 578 381 sponsam
588 322 661 362 vane
670 320 841 383 querentem,

113 392 218 466 Emicat,
237 410 265 455 et
274 395 354 454 solito
365 395 467 474 proluit
476 414 525 454 ora
536 394 648 473 scypho.

83 482 142 550 Hinc
150 491 240 550 alacer
252 491 358 549 catulos
371 489 463 548 educit
464 491 502 559 jn
514 509 582 548 arva
593 489 713 570 sagaces,
775 560 780 575 ,

108 584 160 642 Aut
169 583 294 661 vulpem,
309 595 356 641 aut
366 582 488 660 leporem
501 600 551 661 per
558 583 627 661 juga
639 583 745 644 summa
757 585 880 668 sequeus.

77 669 139 736 Cim
151 677 189 736 sol
201 676 302 735 declivi
312 675 420 755 fugiens
432 675 504 734 subit
516 694 628 754 aequora
637 696 727 749 curru,
907 702 910 707 ·

10 772 13 795 ³
104 769 138 828 Et
145 770 205 846 jam
217 787 300 827 coena
312 769 415 846 placet,
433 769 533 827 limina
544 782 611 827 uota
627 771 705 848 petit.

65 857 142 943 Quos
153 876 268 943 agerent
279 861 370 920 cursus
383 861 524 931 animalia,
544 862 667 942 quosque
677 864 809 938 recursut,

104 955 236 1015 Convivis
250 955 323 1012 inter
333 954 434 1033 pocula
444 954 538 1013 crebra
550 954 643 1014 refert.

59 1037 142 1107 Tum
153 1062 235 1126 potus
249 1045 391 1124 pastusque
403 1046 492 1126 gradu
501 1047 636 1107 titubante
646 1048 739 1110 cubile

102 1143 220 1223 Quaerit,
238 1153 267 1198 et
277 1141 380 1219 irriguo
392 1139 517 1199 membra
529 1141 626 1219 sopore
637 1143 722 1203 levat.

54 1227 113 1293 Sic
122 1236 200 1295 idem
215 1233 319 1302 marist,
338 1233 497 1314 semperque
509 1237 651 1295 revertitur
664 1238 754 1298 ordo:

106 1332 195 1389 Mane
211 1326 338 1405 scyphus,
358 1328 456 1395 catuli;
476 1329 587 1406 vespere
597 1348 689 1398 coena,
708 1330 798 1410 sopor.

58 1413 207 1481 Historico
216 1420 315 1498 longos
326 1438 382 1477 non
392 1420 430 1477 est
438 1439 509 1497 opus
521 1420 561 1479 ire
573 1441 623 1498 per
633 1440 739 1493 anmos;

108 1514 248 1594 Armigeri
259 1515 346 1573 vitam
356 1515 479 1574 continet
490 1534 546 1575 una
555 1515 624 1575 dies.

108 1768 169 1844 An
185 1760 285 1843 Idem
294 1762 352 1869 fit
371 1758 488 1868 Causa
506 1759 757 1867 diversorum?
790 1766 890 1851 Aff'.

84 1949 244 2072 HYberni
262 1947 353 2008 Rufus
373 1946 515 2009 celebrans
536 1950 668 2011 convivia
688 1951 758 2025 sesti,

197 2043 316 2122 Cogitur
327 2043 450 2122 appofito
467 2044 630 2123 pervigilare
642 2064 729 2104 mero.

89 2133 145 2198 erar
154 2138 242 2197 nimio
254 2137 374 2217 queritur
386 2135 529 2195 cerebrum
538 2137 690 2214 torpescere
697 2139 818 2208 Bacch03

118 2232 265 2312 NonJoca,
283 2252 341 2292 non
352 2230 436 2298 lusus,
455 2249 512 2289 non
523 2232 650 2307 placuere
662 2231 757 2311 dapes.

92 2320 269 2408 languentem
279 2339 361 2404 potor
370 2337 448 2383 vetus
459 2323 554 2400 aspicit
566 2323 677 2394 Aulus„
686 2339 715 2384 et
728 2327 828 2404 iuquit,

119 2422 181 2504 Qui
192 2421 266 2481 cessit
275 2419 351 2479 tenui
363 2437 441 2477 mens
452 2416 503 2476 tibi
515 2418 590 2476 vista
601 2416 695 2477 malo?

92 2512 162 2575 Sume
172 2517 274 2576 iterum
283 2515 414 2591 cyathos;
433 2513 559 2572 miranda
567 2512 759 2592 potentiaviui
770 2515 822 2575 est:

119 2607 210 2668 Noae
223 2606 315 2666 serunt
326 2605 454 2679 morbum
466 2607 577 2686 pocula,
596 2625 678 2666 mane
692 2606 803 2687 fugant.

127 2865 198 2946 An·
215 2859 360 2968 Aerstt
381 2857 469 2938 Seni
491 2856 723 2940 Vehiculum?
778 2854 874 2941 Aff.

96 3052 231 3174 PUppm
243 3046 262 3082 ⁸
272 3044 468 3127 Hyperboreae
481 3046 551 3106 inter
562 3045 613 3105 stat
623 3043 677 3104 fixa
685 3043 810 3122 pruinae,

196 3140 285 3221 Alget
295 3137 427 3218 perpetue
439 3137 588 3218 quaiNova
599 3135 722 3199 Zembla
733 3137 805 3200 nive.

200 3276 336 3350 Psathr,
355 3275 406 3340 No.
419 3295 486 3358 ²⁵4
