2002 3674
193 172 767 261 QUADRAGESIMALIA.
866 194 912 269 ²7

9 340 13 401 i
46 306 156 366 Nautae
173 304 296 364 obdulta
308 303 371 382 gelu
384 303 487 368 Batavo
500 324 574 364 nunc
584 307 686 370 obstitit
696 309 786 378 undae

86 397 221 456 Navibus
241 396 351 453 affuetae
370 414 421 452 nec
438 410 551 474 patuere
567 398 630 457 viae.

49 491 117 571 Spes
129 503 227 548 tamen
239 489 287 557 est,
305 480 403 564 penitet
411 489 557 566 Zephyrus
568 491 655 552 modu
666 491 744 563 flare,
762 491 852 556 solutu

9 608 17 653 s
87 583 168 642 Poste
179 582 259 640 brevi
269 601 374 659 puppes
384 583 424 639 ire
434 583 523 640 redire
534 582 613 642 freto.

49 676 130 735 Tum
142 674 268 745 demum,
292 674 427 744 Britonen,
447 677 565 734 multum
577 676 708 755 vobisque
721 677 857 758 mihique,

90 767 169 851 cum
179 767 275 827 tulerit
286 786 381 837 naues,
401 768 521 828 advehet
533 788 599 829 aura
610 772 687 831 novi.

93 1015 162 1096 An
174 1012 338 1122 Aliquid
350 1030 441 1121 agat
459 1014 500 1095 in
515 1017 703 1126 Seipfhm?
757 1017 875 1130 Neg’.

59 1200 258 1322 CAmpanas
268 1197 363 1274 injuffa
375 1214 469 1258 movet
480 1200 547 1259 dum
557 1201 773 1280 fortejuventus‚

171 1289 252 1347 Plebs
262 1302 352 1366 rogat,
370 1288 471 1347 insoliti
484 1310 544 1367 quae
558 1310 633 1350 nova
643 1294 723 1353 causa
735 1294 804 1359 soni.

57 1381 137 1440 Alter
146 1379 195 1450 ait,
213 1375 287 1435 certe
296 1396 353 1435 non
364 1379 424 1437 haec
436 1379 534 1436 natalis
544 1379 644 1448 Elizae,
671 1381 675 1387 '

96 1473 166 1530 Non
179 1467 301 1546 Georgt,
320 1489 376 1527 non
390 1491 451 1548 quae
463 1484 490 1529 te
502 1470 574 1539 tulit,
594 1474 688 1544 Anna,
708 1474 778 1535 dies,

58 1565 128 1624 Non
140 1562 213 1621 fusos
224 1562 322 1630 hostes,
342 1583 398 1620 non
412 1578 521 1640 captam
535 1566 688 1626 audivimus
702 1570 798 1630 urbem
806 1595 817 1638 3

96 1655 178 1726 Hoc,
195 1672 258 1731 quae
269 1653 373 1711 claudit
385 1655 436 1711 iter
448 1654 574 1724 navibus,
589 1676 656 1715 aura
666 1673 751 1718 vetat.

58 1746 197 1825 Suspicor,
215 1744 284 1802 alter
296 1743 344 1814 ait,
362 1741 449 1802 mod&
463 1758 578 1820 nuptam
590 1746 775 1823 Amaryllida,
794 1752 908 1815 Damon

97 1841 149 1898 Sat
158 1838 215 1897 scio
223 1836 388 1913 jamdudum
399 1837 472 1894 hanc
486 1837 642 1897 sollicitavit
654 1858 763 1902 amans.

61 1932 161 1991 clarus
172 1927 294 2007 vulgatis
304 1926 416 1996 salibus,
436 1928 504 2006 quid
516 1929 645 2006 quaeritis,
665 1933 764 2015 inquit,

99 2024 131 2082 O
142 2019 250 2081 stolidi?
270 2017 343 2078 funis
355 2018 475 2090 vellitur,
492 2021 558 2081 inde
570 2021 660 2083 sonus.

91 2272 158 2352 An
175 2268 336 2348 Natura
340 2263 396 2370 stt
407 2246 608 2372 perfidior
623 2271 747 2350 Arte?
803 2271 899 2357 Afft

69 2453 231 2577 Aspicis,
249 2464 281 2511 ut
292 2452 403 2512 frondet
415 2449 531 2512 Zeuxei
542 2451 688 2530 pampinus
700 2451 775 2517 artel

36 2543 41 2548 ’
188 2547 233 2606 Ut
242 2547 324 2606 fulcit
335 2549 441 2625 patulas
454 2549 542 2607 ulmus
556 2551 646 2609 amica
655 2556 766 2614 comasl

11 2640 14 2653 '
68 2640 187 2700 Brachia
198 2642 343 2718 purpureis
354 2656 500 2700 curvantur
511 2643 605 2701 onusta
614 2649 761 2722 racemis,¹

108 2731 311 2811 Aligerumque
322 2734 406 2792 trahit
417 2735 525 2811 penfilis
538 2755 591 2792 uva
605 2757 728 2814 gregem.

70 2822 270 2903 Nequicquam
280 2824 376 2883 dextra
387 2827 475 2902 pitter
486 2825 650 2901 calamoque
662 2825 791 2904 superbit,

109 2918 308 2996 Nequicquam
319 2919 399 2978 falsas
412 2919 531 2996 explicat
543 2918 625 2976 arbor
641 2937 722 2996 opes.

72 3010 199 3070 Mulceat
211 3024 243 3069 ut
252 3030 340 3082 curas,
359 3027 389 3072 ut
400 3013 484 3072 corda
496 3012 584 3071 oblita
593 3012 720 3077 laborum
810 3015 816 3026 “

111 3101 269 3174 Exhilnet.
287 3100 380 3164 suecos
391 3103 474 3173 adde,
491 3104 588 3179 Lyae,
606 3116 677 3165 tuos.

480 3193 544 3252 Ca
599 3211 609 3225 ·
