2002 3674
103 177 146 265 u
359 138 699 240 ennM1Nn

101 436 167 514 An
179 431 351 510 viventio
365 430 524 536 Corpora
536 417 692 509 habeant
704 428 919 535 Qantitate

341 540 551 647 defim'tam?
608 537 705 619 Aff‘.

163 728 287 790 Errihills
297 740 393 787 ventre
404 741 432 787 et
443 727 554 798 baculo,
568 724 703 795 *verae
723 747 773 805 per
785 727 882 788 urbem

219 825 315 883 Portas
334 823 443 900 imperii
465 820 541 900 ligna
562 820 673 899 flagella
692 823 743 879 tui.

99 917 174 998 Ergo
186 919 286 997 parbm
297 917 375 975 callae
387 915 437 974 tibi
450 913 597 993 vedigalia
610 914 752 991 nymphae,

138 1012 175 1068 Et
194 1010 384 1070 mendicorum
404 1007 486 1066 turba
506 1007 608 1065 tributa
629 1006 730 1066 ferunt.

98 1103 176 1162 Hinc
186 1103 303 1181 dapibus
315 1101 485 1159 stomachum
495 1101 583 1178 reples
596 1101 726 1161 immanis
739 1099 879 1181 inemptis,

136 1196 173 1253 Et
185 1215 283 1273 corpus
294 1194 383 1253 multo
395 1195 498 1271 pingue
509 1194 618 1271 liquore
630 1208 728 1253 tumet.

96 1290 144 1348 Tu
156 1287 266 1367 placide
275 1289 409 1357 exultans,
428 1307 562 1366 magnum
574 1290 659 1366 patris
670 1289 878 1361 incrementum,

135 1382 251 1442 Gaudes
269 1382 416 1442 distentum
435 1401 546 1440 cernere
566 1384 668 1441 ventris
688 1401 768 1443 onus.

76 1547 80 1554 ¹
96 1476 137 1533 At
146 1475 242 1534 frustra
251 1489 360 1554 turgere
370 1489 459 1551 optas,
477 1487 506 1533 et
516 1473 634 1533 crescere
646 1474 675 1533 in
687 1476 787 1544 horas3

135 1566 273 1626 Mensurae
286 1568 352 1626 fines
365 1582 460 1625 venter
471 1566 568 1626 obesus
579 1566 673 1626 habet.

97 1661 177 1732 Plus,
193 1661 291 1730 fateor,
311 1661 412 1738 poterit
423 1661 501 1720 vestis
520 1673 580 1719 tam
599 1661 678 1741 larga
696 1673 813 1733 tenere,

124 1755 175 1816 ‘At
186 1775 243 1817 non
254 1756 303 1815 ista
314 1756 383 1816 leret
395 1757 471 1815 dolia
484 1756 564 1834 plura
574 1757 653 1814 cutis.

93 1987 291 2096 Anaqua
307 1986 366 2094 stt
392 1953 617 2065 Elementum
639 1980 919 2092 stigiaffmum

399 2097 637 2177 Affirmatur.

92 2281 232 2406 DUM
251 2283 320 2362 petit
336 2283 453 2344 infames
463 2283 560 2344 Phillis
571 2283 619 2343 sub
632 2283 712 2342 nolle
724 2283 855 2362 popinas,

212 2376 347 2434 Traditur
359 2378 477 2454 imperio
489 2377 623 2454 nympha,
642 2375 765 2446 Bedelle‚
785 2390 845 2435 tuo.

49 2541 52 2546 Ι
89 2464 200 2526 Torvus
213 2467 277 2526 ades
289 2467 390 2527 baculo
399 2469 527 2538 immani,
545 2467 701 2549 scuticique
713 2470 855 2544 tremendi
862 2495 872 2540 3

128 2559 166 2618 Et
176 2559 279 2618 laceras
292 2559 395 2616 nudam
406 2573 503 2639 terque
515 2576 665 2640 quaterque
676 2578 777 2622 cutem.

88 2651 162 2712 Mox
170 2654 288 2732 plaustro
298 2653 445 2722 invehitur,
466 2655 572 2733 populo
583 2657 743 2734 plaudente,
762 2679 812 2736 per
824 2658 919 2724 urbem.

128 2744 165 2803 Et
176 2747 225 2804 rite
239 2747 269 2804 in
281 2762 359 2805 nutas
370 2746 555 2826 praecipitatur
568 2767 663 2826 aquas.
802 2764 806 2768 ’

12 2916 16 2923 .
86 2838 212 2900 Protinus
224 2843 328 2922 ingenti
343 2843 463 2920 strepitat
476 2842 620 2920 plebecula
632 2844 685 2902 risu
696 2868 704 2911 ς

92 2988 103 3015 ο,
126 2933 222 3004 Nunc,
240 2937 287 3005 ait,
308 2936 435 3004 infames,
456 2935 484 3003 i,
496 2949 569 3012 pete,
589 2937 723 3013 nympha,
743 2930 852 2998 domos.

88 3022 176 3085 Vesaei
187 3028 262 3087 haud
273 3029 380 3088 domuit
390 3029 410 3087 fi
420 3030 500 3108 virga
509 3029 632 3088 libidinis
645 3033 731 3100 aestus,

124 3118 280 3200 Extinguet
289 3123 431 3181 flammam
443 3121 546 3200 frigida
555 3123 672 3202 lympha
683 3137 771 3188 tuam.

203 3279 222 3316 ⁸
236 3277 320 3335 ditior
331 3275 389 3334 olim
397 3278 566 3338 Academicus.
