2002 3674
113 165 157 250 m
371 158 711 235 cAnM1uA

160 453 227 531 An
246 447 352 529 detur
369 449 470 528 Color
488 450 529 529 in
548 445 741 530 Tenebris?
798 449 918 560 Neg'.

118 635 261 759 DIrigit
273 636 301 692 in
313 633 426 693 Cottam
438 630 676 712 pharetratus'tela
688 635 817 714 Cupido;

240 729 337 786 Haeret
346 741 373 785 et
382 728 412 786 in
420 727 528 804 juvenis
539 730 648 806 pestore
658 728 734 787 fusca
746 730 826 788 Cloe.

85 870 90 890 ,
117 816 203 877 Hanc
214 820 332 878 tenebris
347 819 497 889 defensam,
517 835 545 878 et
558 822 632 880 dono
645 823 731 880 mosiis
742 839 849 900 opacae,

157 913 227 972 Non
249 935 340 983 coma,
360 933 417 973 non
439 917 524 994 nigrae
546 916 697 975 dedecuere
718 935 805 995 genae.

118 1007 212 1065 Currit
223 1009 253 1066 iu
265 1010 409 1086 amplexus
423 1011 554 1087 nymphae
566 1011 714 1069 nosiurnus
726 1023 844 1080 amator,

157 1101 254 1159 Fertur
262 1114 290 1159 et
301 1100 411 1179 Albinae
421 1101 601 1178 posthabuisse
611 1114 711 1160 torum.

32 1266 40 1273 ι
119 1193 168 1250 Ad
181 1195 352 1284 *dominam
365 1196 488 1267 accedat,
507 1197 628 1276 quisquis
640 1210 668 1256 te
678 1214 735 1254 non
745 1208 832 1268 amat,
849 1193 938 1273 inquit
946 1215 956 1260 ὅ
971 1217 975 1220 -
990 1226 993 1231 ,

158 1287 276 1347 Mollior
285 1288 356 1359 haec,
374 1304 403 1347 et
416 1309 472 1349 nou
480 1291 602 1371 pulcrior
612 1292 662 1351 illa
673 1291 753 1348 cutis.

167 1545 233 1622 An
246 1541 487 1648 Privatiostt
503 1515 764 1650 Principium?
822 1530 924 1622 Aff‘.

123 1725 316 1851 TURCA
334 1749 448 1807 procax,
468 1731 544 1808 cujus
555 1727 659 1809 profert
669 1730 699 1788 in
708 1727 816 1786 lumina
824 1726 944 1802 chartas,

244 1821 368 1880 Delicias
377 1824 483 1902 populi,
503 1823 618 1901 septima
629 1840 748 1900 quaeque
759 1818 829 1888 dies,

122 1912 238 1973 Laedere
249 1918 297 1992 qui
306 1936 432 1994 proceres
442 1918 596 1984 Britonum,
615 1929 642 1974 et
652 1915 832 1993 perstringere
842 1913 944 1995 gaudes

162 2008 362 2086 intempestivis
386 2012 465 2089 regia
485 2010 559 2068 sassa
577 2007 667 2085 jocie3

88 2114 97 2131 “
123 2100 188 2181 Jam
206 2104 258 2162 tibi
278 2122 426 2184 compages
444 2104 681 2187 includet'liguea
699 2100 820 2169 collum,

163 2194 230 2255 Heu
240 2198 246 2254 i
267 2196 391 2274 lepidum
410 2196 507 2255 ferient
518 2215 572 2255 ova
583 2197 728 2273 lutumque
740 2204 831 2271 caput.

124 2287 230 2366 Aspera
242 2291 375 2367 percipies
386 2290 507 2350 inimice
518 2288 667 2369 opprobria
676 2285 777 2366 plebis,

165 2383 288 2442 Auribus
300 2399 329 2442 et
340 2386 423 2462 raptis
432 2398 558 2461 tempora
570 2399 670 2440 manca
679 2397 782 2458 gemes.
835 2443 837 2447 ,

128 2476 206 2536 Hinc
217 2478 323 2553 sapiens
334 2479 459 2554 linguam
471 2474 614 2541 fraenabis3
632 2491 745 2551 parcere
757 2466 852 2528 nostris

166 2568 288 2628 Auribus
307 2569 433 2644 incipies,
453 2567 517 2628 cum
538 2567 642 2644 periere
663 2578 728 2634 tuae,

187 2824 252 2901 An
270 2817 370 2898 Idem
383 2813 637 2923 semperugat
650 2805 772 2891 Idem?
828 2797 931 2884 Aff'.

133 3003 292 3140 NAtiso
301 3007 412 3064 latitans
423 3001 480 3080 agit
489 2998 546 3058 otia
558 2995 659 3057 Fuscus
669 2995 699 3054 in
712 3010 793 3071 agro,

265 3097 332 3173 Quis
343 3092 453 3176 placide
466 3089 594 3170 armigeri
605 3085 768 3147 consenuere
779 3092 879 3160 patres.
981 3127 983 3131 Α

153 3257 173 3295 *
187 3248 313 3314 Proverb.
324 3247 401 3328 Angl.
412 3250 486 3327 Joau
495 3252 518 3305 is
529 3267 558 3303 as
563 3242 662 3322 gaudae
670 3260 708 3315 ny
715 3238 785 3308 La&
793 3239 822 3296 in
830 3231 874 3295 thr
883 3228 968 3291 Dari.
