2002 3674
200 175 792 261 Qunnnnoesrnrnmn.·
860 212 903 285 79

63 296 132 359 lunc
144 318 270 379 gemmas
281 297 378 368 oculis,
397 316 471 357 nunc
484 299 542 357 auri
551 301 644 362 lustrat
654 323 777 377 ecerrot,

82 393 216 474 Qasque
227 393 286 450 imo
296 390 390 449 condit
401 392 510 470 gurgite
519 393 627 470 Tethys
638 416 715 477 opes.

62 483 172 565 Equora
184 486 290 544 securus
304 487 390 543 vastos
402 486 543 543 volventia
554 487 650 547 fluetus

83 580 205 658 Spernit,
224 592 253 637 et
265 575 351 636 insani
364 598 504 636 murmura
515 598 598 637 rauca
611 579 684 640 freti.
787 604 791 610 ·

62 686 148 751 ngens
160 672 297 731 incumbit
309 672 393 750 capiti
406 672 460 730 fine
471 673 591 749 pondere
603 674 700 745 moles,

83 762 148 825 Nec
159 766 264 841 premit
273 763 442 832 immersum,
461 782 523 840 quae
534 765 612 842 tegit,
631 766 705 827 unde
715 768 814 830 virum.

61 1027 112 1105 An
136 1029 298 1106 Natura
325 1025 470 1134 stmper
501 1026 654 1135 aliquem
678 1031 805 1111 Finem
841 1033 903 1113 in·

315 1137 468 1217 tendat?
525 1139 621 1220 Aff.

61 1323 158 1444 CUI
177 1326 278 1384 tumuit
290 1323 387 1383 densus
398 1338 531 1382 montano
542 1325 665 1402 pondere
676 1326 786 1406 gibbus,

158 1418 249 1477 Natus
272 1418 351 1477 deliri
370 1417 429 1495 spes
452 1415 506 1474 fuit
525 1436 579 1474 una
600 1419 694 1495 patris.

60 1503 125 1589 laepe
136 1511 227 1580 senex,
245 1512 312 1590 quid
321 1513 463 1587 promittat
473 1525 578 1579 natura,
598 1513 722 1591 requirit,

86 1603 234 1680 Multaque
245 1602 358 1660 fatidico
370 1602 495 1679 praescius
508 1620 555 1658 ore
568 1604 651 1659 canit.

60 1691 176 1756 landem
187 1699 235 1765 ait,
255 1709 284 1752 ut
295 1695 393 1752 melius
404 1692 481 1770 poffit
492 1692 586 1767 lupera
599 1694 667 1749 altra
676 1697 756 1763 tueri,

84 1788 130 1847 En
147 1788 233 1867 capiti
244 1786 361 1845 stilorum
373 1783 420 1852 est,
439 1782 485 1841 hic
498 1782 549 1839 erit
561 1780 729 1860 Astrologuo.

60 2072 129 2150 An
144 2063 242 2146 Idem
246 2064 302 2169 stt
320 2063 447 2170 Cauffa
466 2062 714 2170 diversorum?
771 2061 871 2146 Aff‘.

59 2255 143 2381 DU
154 2254 190 2311 M
214 2251 347 2307 Danaum
358 2265 483 2325 proceres
494 2259 573 2325 urget
584 2247 732 2307 Menelaus
744 2249 782 2307 ad
793 2267 880 2320 arma,

168 2346 315 2425 lliacisque
327 2344 425 2403 ardens
437 2343 511 2400 bella
522 2343 641 2399 minatur
654 2346 726 2420 agris
737 2370 746 2411 3

59 2448 141 2505 llulta
153 2462 268 2503 movens
280 2441 386 2507 animo,
404 2439 502 2497 duram
516 2447 547 2493 ut
558 2451 725 2512 componere
735 2436 814 2498 litem

80 2538 178 2605 Poffit,
195 2535 232 2593 stc
241 2533 336 2601 Portis,
355 2549 404 2589 rex
415 2526 569 2608 generosus,
589 2525 637 2584 ait.

58 2629 188 2709 Tyndaris
200 2624 312 2705 indigna
322 2625 368 2695 est,
388 2623 462 2681 bello
472 2641 556 2699 quam
568 2620 662 2697 poscat
672 2622 794 2695 Atrides,

83 2726 171 2782 Sueta
183 2723 263 2780 nimis
275 2722 338 2780 calli
350 2720 477 2795 frangere
491 2717 553 2792 jura
564 2716 627 2771 tori.

58 2821 110 2879 lec
123 2816 185 2886 tibi,
204 2816 349 2884 Priamide,
370 2812 516 2887 amplexus
529 2807 658 2883 promitte
675 2806 786 2875 fideles,
825 2813 827 2817 ’

83 2912 157 2969 Non
169 2922 272 2969 metuet
283 2908 420 2967 thalamos
431 2920 497 2961 mox
509 2898 614 2957 violare
625 2910 696 2955 tuoe.

58 3010 93 3069 ill
106 3006 177 3064 mihi
188 3005 256 3064 bina
266 3002 343 3062 domi
356 2998 467 3075 conjux,
486 3015 554 3075 quas
567 3010 650 3051 nemo
661 2990 792 3071 reposoet,

86 3105 140 3162 Per
153 3100 255 3159 medias
268 3100 355 3175 rapiet
367 3095 456 3153 nullus
468 3090 575 3151 adulter
584 3107 680 3165 equas.

57 3198 148 3256 litera
160 3192 285 3269 Trojano
294 3190 389 3269 juveni
397 3188 539 3257 mittatur:
559 3181 667 3251 Atrida,

87 3287 179 3351 Cedat
190 3287 221 3347 in
232 3282 375 3364 amplexus
388 3282 473 3349 altera
483 3277 607 3359 nympha
616 3288 688 3339 tuor.
