2002 3674
81 133 130 224 3⁶
208 220 213 228 Ι
345 123 686 194 crrmrur

86 331 152 415 Art
165 327 284 412 omnia
297 321 451 405 habeant
464 320 793 428 determinatossui
806 320 917 403 Fines⁴

390 434 628 514 Affirmatur.

16 659 20 667 -
88 626 281 764 TEnrrum
299 618 447 700 inperium
458 617 572 680 Lodo'ix
591 617 753 688 meditatus,
772 618 860 679 avitus

191 722 328 783 Cluudere
339 717 496 798 praescripto
514 715 604 777 limite
616 714 719 795 spernit
740 736 833 797 agros.

88 818 189 888 Nulla,
206 817 256 886 ait,
274 813 390 874 audaces
410 810 561 871 defendent
578 810 685 870 moenia
703 811 818 891 Belgas,

127 914 206 991 Qros
223 907 319 967 frustra
338 905 429 964 munit
447 903 518 982 saepe
537 903 626 963 refusa
645 903 737 982 palus.

88 1005 179 1066 Am
197 1001 285 1060 feram
304 999 393 1057 vidior
412 996 498 1074 longi
516 998 578 1074 post
599 998 668 1057 ostia
688 997 796 1068 Rheni,
892 1069 895 1073 y

127 1096 166 1153 Et
184 1094 254 1153 milri
271 1089 388 1170 captiuis
410 1088 508 1148 serviet
527 1088 594 1147 Iiler
613 1090 704 1167 aquis.

89 1188 169 1248 Gens
181 1186 306 1263 Hispana
317 1181 389 1240 ultro
400 1179 430 1239 se
439 1181 530 1240 trudet
540 1194 575 1240 et
595 1181 695 1240 ultima
705 1181 816 1250 Thule,

127 1277 282 1357 Fulvaique
299 1278 330 1335 in
349 1275 476 1355 Ligerim
486 1273 642 1335 transvehet
654 1273 741 1334 Indus
757 1293 837 1355 oper.

89 1370 130 1430 At
145 1382 187 1440 tu,
205 1369 254 1448 qui
271 1368 390 1448 spondes
408 1367 523 1427 demens
541 1366 594 1426 tibi
613 1366 693 1435 tulit,
710 1364 801 1428 disces

127 1462 173 1524 Ex
192 1463 288 1534 Auni,
308 1463 419 1541 imperii
440 1464 490 1542 qui
509 1461 562 1523 tibi
581 1462 643 1522 finis
662 1462 727 1525 erit.

218 1696 286 1776 An
303 1690 473 1797 Calorfit
489 1720 515 1775 a
533 1693 676 1775 Motu?
719 1693 824 1778 Aff‘.

90 1890 150 2002 Θ
161 1876 208 1935 Te
223 1873 334 1933 felicem
348 1874 502 1948 juvenem!
522 1894 607 1953 quem
619 1878 698 1937 nulla
710 1877 878 1940 Decembris

189 1968 313 2046 Frigora,
333 1986 385 2063 uec
404 1969 517 2047 glacies,
536 1989 588 2027 uec
601 1970 660 2029 fera
672 1986 757 2032 terret
768 1975 879 2052 hyems.

88 2064 140 2125 Tu
150 2080 207 2120 non
219 2061 355 2119 extrudlos
373 2063 482 2122 accedis
503 2063 593 2121 mollis
617 2065 655 2124 ad
676 2065 769 2146 ignes,

128 2154 193 2213 Nec
209 2153 279 2212 libet
297 2152 402 2232 ignavo
422 2157 551 2216 membra
569 2158 664 2218 fovere
684 2175 759 2221 toro.

90 2249 190 2311 Fertne
201 2249 295 2307 nivem
306 2251 409 2309 Boreas
421 2255 432 2309 l
452 2254 553 2313 cellum
572 2253 715 2315 descendis
727 2257 765 2316 ad
782 2257 881 2327 imam,

128 2342 305 2421 Plurimaque
325 2343 463 2406 immenso
487 2349 609 2426 pondere
632 2349 712 2428 ligna
734 2353 843 2413 refers:

89 2434 129 2498 Et
141 2435 249 2511 quoties
271 2438 392 2498 mordax
412 2442 467 2498 urit
478 2455 514 2501 te
534 2441 631 2519 frigus,
647 2445 762 2504 onustus

129 2526 301 2602 Praecipitem
322 2533 406 2590 toties
427 2534 505 2613 isque
520 2535 645 2613 redisque
665 2539 756 2599 viam.

44 2616 59 2633 '
90 2616 224 2694 Prodigus
247 2630 312 2676 ante
334 2618 431 2680 locuni
451 2624 532 2704 ligno
551 2625 579 2684 se
596 2640 701 2686 torreat
721 2630 794 2700 usto,

128 2704 177 2765 Tu
196 2709 318 2785 prudens
336 2714 439 2775 melius
458 2717 537 2799 ligus
555 2718 672 2780 ferendo
693 2720 780 2782 cales.

162 2921 229 2996 An
248 2923 413 3029 Sensatio
417 2933 473 3036 fit
491 2935 532 3015 in
549 2935 738 3019 Cerebro?
784 2936 889 3023 Aff‘.

88 3095 251 3222 FUllilus
277 3111 389 3181 armati,
410 3113 479 3175 fesso
500 3140 552 3198 pro
572 3138 661 3191 more,
680 3125 790 3196 coloni.

174 3189 294 3267 Tityrus
306 3214 336 3261 et
346 3205 483 3286 Corydon
494 3217 591 3279 rustica
603 3216 677 3278 bella
689 3235 820 3286 movent.
