<?xml version="1.0" encoding="UTF-8"?>
<!DOCTYPE html PUBLIC "-//W3C//DTD XHTML 1.0 Transitional//EN"
    "http://www.w3.org/TR/xhtml1/DTD/xhtml1-transitional.dtd">
<html xmlns="http://www.w3.org/1999/xhtml" xml:lang="en" lang="en">
 <head>
  <title>
</title>
<meta http-equiv="Content-Type" content="text/html;charset=utf-8" />
  <meta name='ocr-system' content='tesseract 3.04.00' />
  <meta name='ocr-capabilities' content='ocr_page ocr_carea ocr_par ocr_line ocrx_word'/>
</head>
<body>
  <div class='ocr_page' id='page_1' title='image "./carminaquadrage01oxfogoog_0054.png"; bbox 0 0 1972 3674; ppageno 0'>
   <div class='ocr_carea' id='block_1_1' title="bbox 192 154 907 245">
    <p class='ocr_par' dir='ltr' id='par_1_1' title="bbox 192 154 907 245">
     <span class='ocr_line' id='line_1_1' title="bbox 192 154 907 245; baseline 0 -21"><span class='ocrx_word' id='word_1_1' title='bbox 192 154 773 245; x_wconf 73' lang='lat' dir='ltr'>Quuuuuousnuumu.</span> <span class='ocrx_word' id='word_1_2' title='bbox 860 178 907 245; x_wconf 74' lang='lat'>45</span> 
     </span>
    </p>
   </div>
   <div class='ocr_carea' id='block_1_2' title="bbox 55 275 824 639">
    <p class='ocr_par' dir='ltr' id='par_1_2' title="bbox 55 275 717 450">
     <span class='ocr_line' id='line_1_2' title="bbox 55 275 717 354; baseline -0.008 -13"><span class='ocrx_word' id='word_1_3' title='bbox 55 282 124 341; x_wconf 78' lang='lat' dir='ltr'>Fure</span> <span class='ocrx_word' id='word_1_4' title='bbox 133 278 186 338; x_wconf 88' lang='lat' dir='ltr'>tibi</span> <span class='ocrx_word' id='word_1_5' title='bbox 197 277 302 336; x_wconf 77' lang='lat' dir='ltr'><strong>natales</strong></span> <span class='ocrx_word' id='word_1_6' title='bbox 314 277 435 336; x_wconf 86' lang='lat' dir='ltr'>Fortuna</span> <span class='ocrx_word' id='word_1_7' title='bbox 446 275 578 354; x_wconf 83' lang='lat' dir='ltr'>rependet</span> <span class='ocrx_word' id='word_1_8' title='bbox 595 276 717 354; x_wconf 82' lang='lat' dir='ltr'>iniquos,</span> 
     </span>
     <span class='ocr_line' id='line_1_3' title="bbox 85 367 671 450; baseline -0.007 -18"><span class='ocrx_word' id='word_1_9' title='bbox 85 375 122 433; x_wconf 89' lang='lat' dir='ltr'>Et</span> <span class='ocrx_word' id='word_1_10' title='bbox 143 393 235 432; x_wconf 88' lang='lat' dir='ltr'>rerum</span> <span class='ocrx_word' id='word_1_11' title='bbox 253 373 331 431; x_wconf 83' lang='lat' dir='ltr'>laetas</span> <span class='ocrx_word' id='word_1_12' title='bbox 354 373 492 450; x_wconf 80' lang='lat' dir='ltr'>experiere</span> <span class='ocrx_word' id='word_1_13' title='bbox 511 371 595 430; x_wconf 84' lang='lat' dir='ltr'>vices.</span> <span class='ocrx_word' id='word_1_14' title='bbox 669 367 671 373; x_wconf 78' lang='grc'><strong>’</strong></span> 
     </span>
    </p>

    <p class='ocr_par' dir='ltr' id='par_1_3' title="bbox 55 465 824 639">
     <span class='ocr_line' id='line_1_4' title="bbox 55 465 824 546; baseline -0.003 -18"><span class='ocrx_word' id='word_1_15' title='bbox 55 471 91 528; x_wconf 79' lang='lat' dir='ltr'>Fe</span> <span class='ocrx_word' id='word_1_16' title='bbox 103 469 248 528; x_wconf 80' lang='lat' dir='ltr'>dominam</span> <span class='ocrx_word' id='word_1_17' title='bbox 257 469 415 546; x_wconf 68' lang='lat' dir='ltr'>expectant,</span> <span class='ocrx_word' id='word_1_18' title='bbox 433 487 496 544; x_wconf 88' lang='lat' dir='ltr'>quae</span> <span class='ocrx_word' id='word_1_19' title='bbox 505 465 564 541; x_wconf 80' lang='lat' dir='ltr'>jam</span> <span class='ocrx_word' id='word_1_20' title='bbox 574 467 716 544; x_wconf 77' lang='lat' dir='ltr'>laquearia</span> <span class='ocrx_word' id='word_1_21' title='bbox 723 467 824 534; x_wconf 71' lang='lat' dir='ltr'>venite</span> 
     </span>
     <span class='ocr_line' id='line_1_5' title="bbox 86 560 636 639; baseline -0.007 -18"><span class='ocrx_word' id='word_1_22' title='bbox 86 562 123 621; x_wconf 85' lang='lat' dir='ltr'>Et</span> <span class='ocrx_word' id='word_1_23' title='bbox 142 562 188 620; x_wconf 87' lang='lat' dir='ltr'>eui</span> <span class='ocrx_word' id='word_1_24' title='bbox 209 560 347 632; x_wconf 81' lang='lat' dir='ltr'>servieras,</span> <span class='ocrx_word' id='word_1_25' title='bbox 366 560 536 639; x_wconf 76' lang='lat' dir='ltr'>imperitabis</span> <span class='ocrx_word' id='word_1_26' title='bbox 558 562 636 620; x_wconf 88' lang='lat' dir='ltr'>hero.</span> 
     </span>
    </p>
   </div>
   <div class='ocr_carea' id='block_1_3' title="bbox 66 819 882 930">
    <p class='ocr_par' dir='ltr' id='par_1_4' title="bbox 66 819 882 930">
     <span class='ocr_line' id='line_1_6' title="bbox 66 819 882 930; baseline -0.005 -22"><span class='ocrx_word' id='word_1_27' title='bbox 66 829 132 908; x_wconf 89' lang='lat' dir='ltr'>An</span> <span class='ocrx_word' id='word_1_28' title='bbox 150 825 310 904; x_wconf 86' lang='lat' dir='ltr'>Natura</span> <span class='ocrx_word' id='word_1_29' title='bbox 315 823 372 927; x_wconf 79' lang='lat' dir='ltr'>fit</span> <span class='ocrx_word' id='word_1_30' title='bbox 384 822 585 930; x_wconf 64' lang='lat' dir='ltr'>persediior</span> <span class='ocrx_word' id='word_1_31' title='bbox 599 823 723 904; x_wconf 72' lang='lat' dir='ltr'>Arte?</span> <span class='ocrx_word' id='word_1_32' title='bbox 779 819 882 904; x_wconf 69' lang='lat' dir='ltr'>Aff&#39;:</span> 
     </span>
    </p>
   </div>
   <div class='ocr_carea' id='block_1_4' title="bbox 55 1025 839 1944">
    <p class='ocr_par' dir='ltr' id='par_1_5' title="bbox 55 1025 839 1944">
     <span class='ocr_line' id='line_1_7' title="bbox 55 1025 696 1146; baseline 0.006 -63"><span class='ocrx_word' id='word_1_33' title='bbox 55 1025 238 1146; x_wconf 75' lang='lat' dir='ltr'>pRaeniteet</span> <span class='ocrx_word' id='word_1_34' title='bbox 249 1037 349 1086; x_wconf 78' lang='lat' dir='ltr'>teuerae</span> <span class='ocrx_word' id='word_1_35' title='bbox 361 1026 459 1106; x_wconf 79' lang='lat' dir='ltr'>rugosa</span> <span class='ocrx_word' id='word_1_36' title='bbox 468 1041 499 1086; x_wconf 92' lang='lat' dir='ltr'>ut</span> <span class='ocrx_word' id='word_1_37' title='bbox 509 1027 594 1087; x_wconf 85' lang='lat' dir='ltr'>Delia</span> <span class='ocrx_word' id='word_1_38' title='bbox 605 1028 696 1105; x_wconf 84' lang='lat' dir='ltr'><strong>Lyde,</strong></span> 
     </span>
     <span class='ocr_line' id='line_1_8' title="bbox 153 1119 697 1199; baseline 0.013 -23"><span class='ocrx_word' id='word_1_39' title='bbox 153 1119 270 1177; x_wconf 82' lang='lat' dir='ltr'>Furtivis</span> <span class='ocrx_word' id='word_1_40' title='bbox 282 1134 362 1178; x_wconf 80' lang='lat' dir='ltr'>ornat</span> <span class='ocrx_word' id='word_1_41' title='bbox 373 1133 499 1199; x_wconf 82' lang='lat' dir='ltr'>tempora</span> <span class='ocrx_word' id='word_1_42' title='bbox 511 1121 591 1181; x_wconf 71' lang='lat' dir='ltr'>calva</span> <span class='ocrx_word' id='word_1_43' title='bbox 600 1122 697 1183; x_wconf 69' lang='lat' dir='ltr'>comit·</span> 
     </span>
     <span class='ocr_line' id='line_1_9' title="bbox 55 1211 676 1286; baseline 0.01 -17"><span class='ocrx_word' id='word_1_44' title='bbox 55 1211 185 1271; x_wconf 79' lang='lat' dir='ltr'>Mentitur</span> <span class='ocrx_word' id='word_1_45' title='bbox 195 1213 307 1272; x_wconf 79' lang='lat' dir='ltr'>niveum</span> <span class='ocrx_word' id='word_1_46' title='bbox 319 1213 393 1273; x_wconf 73' lang='lat' dir='ltr'>male</span> <span class='ocrx_word' id='word_1_47' title='bbox 403 1215 535 1274; x_wconf 70' lang='lat' dir='ltr'>cerussata</span> <span class='ocrx_word' id='word_1_48' title='bbox 543 1215 676 1286; x_wconf 86' lang='lat' dir='ltr'>colorem,</span> 
     </span>
     <span class='ocr_line' id='line_1_10' title="bbox 87 1303 694 1385; baseline 0.007 -25"><span class='ocrx_word' id='word_1_49' title='bbox 87 1303 182 1382; x_wconf 87' lang='lat' dir='ltr'>Atque</span> <span class='ocrx_word' id='word_1_50' title='bbox 195 1307 246 1373; x_wconf 88' lang='lat' dir='ltr'>ori,</span> <span class='ocrx_word' id='word_1_51' title='bbox 265 1307 362 1385; x_wconf 70' lang='lat' dir='ltr'>elapsis</span> <span class='ocrx_word' id='word_1_52' title='bbox 371 1308 509 1376; x_wconf 71' lang='lat' dir='ltr'>dentibus,</span> <span class='ocrx_word' id='word_1_53' title='bbox 530 1322 607 1385; x_wconf 82' lang='lat' dir='ltr'>aptat</span> <span class='ocrx_word' id='word_1_54' title='bbox 616 1303 694 1366; x_wconf 77' lang='lat' dir='ltr'>ebur.</span> 
     </span>
     <span class='ocr_line' id='line_1_11' title="bbox 55 1398 831 1478; baseline 0 -22"><span class='ocrx_word' id='word_1_55' title='bbox 55 1399 121 1456; x_wconf 84' lang='lat' dir='ltr'>Mox</span> <span class='ocrx_word' id='word_1_56' title='bbox 132 1398 250 1456; x_wconf 83' lang='lat' dir='ltr'>immista</span> <span class='ocrx_word' id='word_1_57' title='bbox 260 1401 350 1458; x_wconf 85' lang='lat' dir='ltr'>choris</span> <span class='ocrx_word' id='word_1_58' title='bbox 363 1401 468 1459; x_wconf 87' lang='lat' dir='ltr'>lentum</span> <span class='ocrx_word' id='word_1_59' title='bbox 481 1421 556 1478; x_wconf 84' lang='lat' dir='ltr'>aegra</span> <span class='ocrx_word' id='word_1_60' title='bbox 568 1401 669 1459; x_wconf 76' lang='lat' dir='ltr'>lacessit</span> <span class='ocrx_word' id='word_1_61' title='bbox 678 1399 831 1464; x_wconf 72' lang='lat' dir='ltr'>Amoremt</span> 
     </span>
     <span class='ocr_line' id='line_1_12' title="bbox 87 1488 636 1570; baseline 0.011 -26"><span class='ocrx_word' id='word_1_62' title='bbox 87 1488 128 1546; x_wconf 84' lang='lat' dir='ltr'>At</span> <span class='ocrx_word' id='word_1_63' title='bbox 140 1507 198 1560; x_wconf 73' lang='lat' dir='ltr'>nott</span> <span class='ocrx_word' id='word_1_64' title='bbox 208 1491 237 1546; x_wconf 84' lang='lat' dir='ltr'>iu</span> <span class='ocrx_word' id='word_1_65' title='bbox 248 1492 346 1548; x_wconf 83' lang='lat' dir='ltr'>vetulis</span> <span class='ocrx_word' id='word_1_66' title='bbox 359 1491 478 1550; x_wconf 83' lang='lat' dir='ltr'>excubat</span> <span class='ocrx_word' id='word_1_67' title='bbox 490 1492 537 1549; x_wconf 85' lang='lat' dir='ltr'>iile</span> <span class='ocrx_word' id='word_1_68' title='bbox 548 1492 636 1570; x_wconf 83' lang='lat' dir='ltr'>genie.</span> 
     </span>
     <span class='ocr_line' id='line_1_13' title="bbox 55 1582 676 1663; baseline 0.006 -23"><span class='ocrx_word' id='word_1_69' title='bbox 55 1582 159 1642; x_wconf 72' lang='lat' dir='ltr'>[nterea</span> <span class='ocrx_word' id='word_1_70' title='bbox 168 1582 303 1658; x_wconf 72' lang='lat' dir='ltr'>juvenum</span> <span class='ocrx_word' id='word_1_71' title='bbox 313 1585 453 1662; x_wconf 74' lang='lat' dir='ltr'>succendit</span> <span class='ocrx_word' id='word_1_72' title='bbox 463 1587 574 1662; x_wconf 65' lang='lat' dir='ltr'>pedore</span> <span class='ocrx_word' id='word_1_73' title='bbox 586 1585 676 1663; x_wconf 83' lang='lat' dir='ltr'><strong>Lyde,</strong></span> 
     </span>
     <span class='ocr_line' id='line_1_14' title="bbox 87 1675 641 1756; baseline 0.002 -22"><span class='ocrx_word' id='word_1_74' title='bbox 87 1675 198 1735; x_wconf 69' lang='lat' dir='ltr'>Nativi</span> <span class='ocrx_word' id='word_1_75' title='bbox 219 1678 318 1734; x_wconf 77' lang='lat' dir='ltr'>melius</span> <span class='ocrx_word' id='word_1_76' title='bbox 333 1679 505 1756; x_wconf 77' lang='lat' dir='ltr'>simplicitate</span> <span class='ocrx_word' id='word_1_77' title='bbox 520 1680 641 1755; x_wconf 82' lang='lat' dir='ltr'>placens.</span> 
     </span>
     <span class='ocr_line' id='line_1_15' title="bbox 55 1761 839 1849; baseline -0.013 -17"><span class='ocrx_word' id='word_1_78' title='bbox 55 1773 96 1832; x_wconf 86' lang='lat' dir='ltr'>Te</span> <span class='ocrx_word' id='word_1_79' title='bbox 107 1770 205 1828; x_wconf 80' lang='lat' dir='ltr'>succus</span> <span class='ocrx_word' id='word_1_80' title='bbox 217 1789 391 1849; x_wconf 76' lang='lat' dir='ltr'>gemmaeque</span> <span class='ocrx_word' id='word_1_81' title='bbox 400 1770 582 1840; x_wconf 80' lang='lat' dir='ltr'>inhonestent,</span> <span class='ocrx_word' id='word_1_82' title='bbox 603 1768 706 1837; x_wconf 65' lang='lat' dir='ltr'>Deliae</span> <span class='ocrx_word' id='word_1_83' title='bbox 725 1763 784 1826; x_wconf 83' lang='lat' dir='ltr'>uisa</span> <span class='ocrx_word' id='word_1_84' title='bbox 799 1761 839 1824; x_wconf 73' lang='lat' dir='ltr'>est</span> 
     </span>
     <span class='ocr_line' id='line_1_16' title="bbox 89 1860 754 1944; baseline -0.003 -22"><span class='ocrx_word' id='word_1_85' title='bbox 89 1863 172 1942; x_wconf 87' lang='lat' dir='ltr'>Lyde</span> <span class='ocrx_word' id='word_1_86' title='bbox 181 1860 280 1941; x_wconf 86' lang='lat' dir='ltr'>pulcra</span> <span class='ocrx_word' id='word_1_87' title='bbox 291 1862 391 1944; x_wconf 78' lang='lat' dir='ltr'>magis,</span> <span class='ocrx_word' id='word_1_88' title='bbox 411 1870 468 1943; x_wconf 82' lang='lat' dir='ltr'>quo</span> <span class='ocrx_word' id='word_1_89' title='bbox 482 1864 573 1925; x_wconf 70' lang='lat' dir='ltr'>miuus</span> <span class='ocrx_word' id='word_1_90' title='bbox 584 1863 648 1927; x_wconf 81' lang='lat' dir='ltr'>artis</span> <span class='ocrx_word' id='word_1_91' title='bbox 660 1862 754 1923; x_wconf 88' lang='lat' dir='ltr'>habet.</span> 
     </span>
    </p>
   </div>
   <div class='ocr_carea' id='block_1_5' title="bbox 55 2066 913 2220">
    <p class='ocr_par' dir='ltr' id='par_1_6' title="bbox 55 2066 913 2220">
     <span class='ocr_line' id='line_1_17' title="bbox 55 2066 913 2220; baseline -0.009 -26"><span class='ocrx_word' id='word_1_92' title='bbox 55 2117 117 2194; x_wconf 90' lang='lat' dir='ltr'>An</span> <span class='ocrx_word' id='word_1_93' title='bbox 138 2111 265 2191; x_wconf 77' lang='lat' dir='ltr'>Motus</span> <span class='ocrx_word' id='word_1_94' title='bbox 282 2111 331 2213; x_wconf 74' lang='lat' dir='ltr'>fit</span> <span class='ocrx_word' id='word_1_95' title='bbox 348 2066 527 2220; x_wconf 63' lang='lat' dir='ltr'>Merffura</span> <span class='ocrx_word' id='word_1_96' title='bbox 544 2090 754 2218; x_wconf 68' lang='lat' dir='ltr'>Temporis?</span> <span class='ocrx_word' id='word_1_97' title='bbox 811 2103 913 2186; x_wconf 72' lang='lat' dir='ltr'>Aff‘.</span> 
     </span>
    </p>
   </div>
   <div class='ocr_carea' id='block_1_6' title="bbox 55 2288 838 3029">
    <p class='ocr_par' dir='ltr' id='par_1_7' title="bbox 55 2288 838 3029">
     <span class='ocr_line' id='line_1_18' title="bbox 55 2288 838 2421; baseline -0.004 -67"><span class='ocrx_word' id='word_1_98' title='bbox 55 2306 115 2421; x_wconf 89' lang='lat' dir='ltr'>D</span> <span class='ocrx_word' id='word_1_99' title='bbox 123 2295 154 2354; x_wconf 93' lang='lat' dir='ltr'>U</span> <span class='ocrx_word' id='word_1_100' title='bbox 161 2296 197 2355; x_wconf 82' lang='lat' dir='ltr'>M</span> <span class='ocrx_word' id='word_1_101' title='bbox 215 2288 286 2374; x_wconf 79' lang='lat' dir='ltr'>petit</span> <span class='ocrx_word' id='word_1_102' title='bbox 297 2297 446 2356; x_wconf 79' lang='lat' dir='ltr'>oxonium</span> <span class='ocrx_word' id='word_1_103' title='bbox 457 2297 539 2354; x_wconf 73' lang='lat' dir='ltr'>musis</span> <span class='ocrx_word' id='word_1_104' title='bbox 559 2294 717 2376; x_wconf 79' lang='lat' dir='ltr'>gratiffimue</span> <span class='ocrx_word' id='word_1_105' title='bbox 728 2295 838 2372; x_wconf 77' lang='lat' dir='ltr'>hospes,</span> 
     </span>
     <span class='ocr_line' id='line_1_19' title="bbox 175 2388 800 2470; baseline 0.005 -25"><span class='ocrx_word' id='word_1_106' title='bbox 175 2388 387 2468; x_wconf 86' lang='lat' dir='ltr'>Wintoniesque</span> <span class='ocrx_word' id='word_1_107' title='bbox 398 2389 486 2448; x_wconf 86' lang='lat' dir='ltr'>redux</span> <span class='ocrx_word' id='word_1_108' title='bbox 496 2403 589 2468; x_wconf 86' lang='lat' dir='ltr'>portat</span> <span class='ocrx_word' id='word_1_109' title='bbox 599 2390 707 2447; x_wconf 85' lang='lat' dir='ltr'>onustus</span> <span class='ocrx_word' id='word_1_110' title='bbox 720 2408 800 2470; x_wconf 72' lang='lat' dir='ltr'>opeee</span> 
     </span>
     <span class='ocr_line' id='line_1_20' title="bbox 55 2482 727 2564; baseline 0.007 -25"><span class='ocrx_word' id='word_1_111' title='bbox 55 2482 153 2541; x_wconf 86' lang='lat' dir='ltr'>Tardo</span> <span class='ocrx_word' id='word_1_112' title='bbox 162 2485 257 2542; x_wconf 70' lang='lat' dir='ltr'>vedius</span> <span class='ocrx_word' id='word_1_113' title='bbox 266 2503 342 2563; x_wconf 87' lang='lat' dir='ltr'>equo</span> <span class='ocrx_word' id='word_1_114' title='bbox 351 2487 444 2544; x_wconf 83' lang='lat' dir='ltr'>vicina</span> <span class='ocrx_word' id='word_1_115' title='bbox 456 2505 505 2564; x_wconf 85' lang='lat' dir='ltr'>per</span> <span class='ocrx_word' id='word_1_116' title='bbox 514 2486 620 2564; x_wconf 87' lang='lat' dir='ltr'>oppida</span> <span class='ocrx_word' id='word_1_117' title='bbox 633 2484 727 2557; x_wconf 82' lang='lat' dir='ltr'>fertur,</span> 
     </span>
     <span class='ocr_line' id='line_1_21' title="bbox 93 2576 691 2659; baseline 0.012 -27"><span class='ocrx_word' id='word_1_118' title='bbox 93 2576 130 2633; x_wconf 87' lang='lat' dir='ltr'>Et</span> <span class='ocrx_word' id='word_1_119' title='bbox 152 2576 233 2634; x_wconf 83' lang='lat' dir='ltr'>certis</span> <span class='ocrx_word' id='word_1_120' title='bbox 253 2577 343 2639; x_wconf 78' lang='lat' dir='ltr'>stadiis</span> <span class='ocrx_word' id='word_1_121' title='bbox 366 2579 442 2657; x_wconf 85' lang='lat' dir='ltr'>itque</span> <span class='ocrx_word' id='word_1_122' title='bbox 464 2579 590 2659; x_wconf 85' lang='lat' dir='ltr'>reditque</span> <span class='ocrx_word' id='word_1_123' title='bbox 605 2582 691 2641; x_wconf 84' lang='lat' dir='ltr'>viam.</span> 
     </span>
     <span class='ocr_line' id='line_1_22' title="bbox 56 2665 758 2750; baseline 0.004 -23"><span class='ocrx_word' id='word_1_124' title='bbox 56 2665 123 2727; x_wconf 85' lang='lat' dir='ltr'>Non</span> <span class='ocrx_word' id='word_1_125' title='bbox 136 2667 202 2725; x_wconf 87' lang='lat' dir='ltr'>huic</span> <span class='ocrx_word' id='word_1_126' title='bbox 214 2669 244 2724; x_wconf 90' lang='lat' dir='ltr'>in</span> <span class='ocrx_word' id='word_1_127' title='bbox 256 2668 352 2727; x_wconf 87' lang='lat' dir='ltr'>loculis</span> <span class='ocrx_word' id='word_1_128' title='bbox 367 2686 496 2749; x_wconf 85' lang='lat' dir='ltr'>argentea</span> <span class='ocrx_word' id='word_1_129' title='bbox 508 2674 638 2730; x_wconf 87' lang='lat' dir='ltr'>machina</span> <span class='ocrx_word' id='word_1_130' title='bbox 650 2687 758 2750; x_wconf 70' lang='lat' dir='ltr'>tempus</span> 
     </span>
     <span class='ocr_line' id='line_1_23' title="bbox 95 2758 696 2828; baseline 0.005 -13"><span class='ocrx_word' id='word_1_131' title='bbox 95 2758 215 2828; x_wconf 87' lang='lat' dir='ltr'>Iudicat,</span> <span class='ocrx_word' id='word_1_132' title='bbox 237 2773 284 2819; x_wconf 85' lang='lat' dir='ltr'>aut</span> <span class='ocrx_word' id='word_1_133' title='bbox 297 2761 377 2821; x_wconf 85' lang='lat' dir='ltr'>horas</span> <span class='ocrx_word' id='word_1_134' title='bbox 391 2763 489 2820; x_wconf 88' lang='lat' dir='ltr'>umbra</span> <span class='ocrx_word' id='word_1_135' title='bbox 500 2778 596 2821; x_wconf 82' lang='lat' dir='ltr'>notata</span> <span class='ocrx_word' id='word_1_136' title='bbox 606 2763 696 2821; x_wconf 87' lang='lat' dir='ltr'>docet.</span> 
     </span>
     <span class='ocr_line' id='line_1_24' title="bbox 56 2850 732 2934; baseline -0.003 -21"><span class='ocrx_word' id='word_1_137' title='bbox 56 2850 262 2930; x_wconf 68' lang='lat' dir='ltr'>Progrediendo</span> <span class='ocrx_word' id='word_1_138' title='bbox 273 2854 348 2911; x_wconf 86' lang='lat' dir='ltr'>diem</span> <span class='ocrx_word' id='word_1_139' title='bbox 357 2855 456 2912; x_wconf 73' lang='lat' dir='ltr'>melius</span> <span class='ocrx_word' id='word_1_140' title='bbox 469 2855 633 2934; x_wconf 82' lang='lat' dir='ltr'>distinguere</span> <span class='ocrx_word' id='word_1_141' title='bbox 644 2853 732 2921; x_wconf 83' lang='lat' dir='ltr'>novit,</span> 
     </span>
     <span class='ocr_line' id='line_1_25' title="bbox 95 2945 747 3029; baseline -0.009 -22"><span class='ocrx_word' id='word_1_142' title='bbox 95 2945 231 3025; x_wconf 82' lang='lat' dir='ltr'>Dumque</span> <span class='ocrx_word' id='word_1_143' title='bbox 243 2945 320 3005; x_wconf 88' lang='lat' dir='ltr'>suum</span> <span class='ocrx_word' id='word_1_144' title='bbox 332 2947 449 3029; x_wconf 85' lang='lat' dir='ltr'>peragit,</span> <span class='ocrx_word' id='word_1_145' title='bbox 468 2947 517 3009; x_wconf 86' lang='lat' dir='ltr'>scit</span> <span class='ocrx_word' id='word_1_146' title='bbox 528 2949 599 3008; x_wconf 90' lang='lat' dir='ltr'>bene</span> <span class='ocrx_word' id='word_1_147' title='bbox 612 2947 674 3006; x_wconf 84' lang='lat' dir='ltr'>solis</span> <span class='ocrx_word' id='word_1_148' title='bbox 686 2947 747 3009; x_wconf 86' lang='lat' dir='ltr'>iter.</span> 
     </span>
    </p>
   </div>
   <div class='ocr_carea' id='block_1_7' title="bbox 0 0 990 3674">
    <p class='ocr_par' dir='ltr' id='par_1_8' title="bbox 0 0 990 3674">
     <span class='ocr_line' id='line_1_26' title="bbox 0 0 990 3674; baseline 0 0"><span class='ocrx_word' id='word_1_149' title='bbox 0 0 990 3674; x_wconf 95' lang='lat' dir='ltr'> </span> 
     </span>
    </p>
   </div>
  </div>
 </body>
</html>
