2002 3674
179 107 805 201 Qunnunnrsrrrnnrn.
880 132 926 198 51<

70 346 132 425 An
157 343 277 422 onmia
297 344 455 449 Corpora
474 342 629 422 habeant
646 338 926 418 determinatam

195 466 384 572 Sphaeram
403 460 665 550 Aninitntis?
695 462 794 544 Affr.

65 653 221 776 OCeanu
233 653 334 730 puppis
346 652 452 730 quanti
461 654 535 712 mole
547 652 661 711 incubat
672 653 781 729 ingens,

160 748 232 826 Qrae
244 748 327 807 maris
338 748 484 825 imperium
496 747 624 807 vendicet
636 765 690 804 una
701 745 767 804 fibi!

62 833 173 907 Nautae,
193 839 271 897 mille
281 858 389 907 manus,
409 840 424 897 s
419 839 527 916 patius&
539 853 686 918 operantur
697 840 726 897 in
737 840 814 904 alvu,

100 928 137 989 Et
145 930 235 989 varias
247 930 442 1007 explet-sedula
454 930 535 990 turba
546 934 630 991 vices.

63 1017 128 1078 Pars
141 1018 213 1080 infr&
226 1021 330 1100 rigidos
338 1024 416 1102 gestit
428 1025 543 1082 tranare
555 1024 691 1091 rudentes,

100 1113 191 1193 Inque
200 1135 315 1193 gravem
327 1117 454 1197 obliquat
466 1119 575 1198 turgida
586 1119 650 1179 vela
657 1116 772 1177 Notum.

61 1202 129 1262 Pars
142 1204 216 1265 sed'et
229 1221 410 1266 antennarum
422 1224 469 1267 aut
481 1208 579 1267 summi
593 1210 621 1266 in
631 1211 732 1268 vertice
745 1209 822 1276 malr,

99 1296 137 1354 Et
149 1300 233 1357 c'eleri
249 1299 382 1357 undantes
396 1302 515 1378 explieat
528 1313 584 1358 arte
597 1299 677 1359 smus.

60 1384 112 1445 nn
126 1388 324 1466 gubernaclum
336 1390 417 1449 caecis
429 1392 541 1450 molitur
554 1391 584 1449 in
597 1390 688 1460 undis,

99 1478 137 1535 Et
149 1481 295 1538 tremulam
307 1481 441 1551 observat,
461 1481 518 1560 quit
531 1482 660 1551 variatur,
673 1500 765 1540 acum.

60 1569 183 1649 Qrisqne
195 1572 274 1632 datus
287 1573 353 1632 fines
364 1574 498 1644 constane,
517 1574 583 1632 data
595 1574 691 1632 munia
700 1572 803 1633 seruat:

96 1662 176 1722 Nota
188 1666 266 1745 gregi
279 1665 325 1724 sua
339 1666 409 1737 sunt,
429 1680 456 1726 et
467 1665 514 1724 sua
524 1665 609 1745 pensa
621 1664 695 1725 duci.

58 1881 123 1960 An
151 1907 247 1961 omne
268 1885 401 1991 Corpus
427 1882 557 1965 habeat
578 1834 829 1965 determinatbs
848 1881 918 1991 stri

281 2013 389 2093 Fines
403 2012 426 2090 ,2-
453 2012 691 2126 Affirmatur.

132 2193 163 2253 N
177 2195 184 2253 Ι
205 2193 309 2272 quanta
321 2193 348 2254 se
359 2195 434 2254 mole
447 2193 539 2264 infert,
558 2194 644 2275 quum
656 2193 877 2274 srtbenepastur,

162 2286 199 2345 Et
210 2286 297 2365 quiem
309 2290 327 2325 ¹*
338 2289 361 2346 F
363 2287 479 2346 alssaffus
492 2289 524 2347 fit
536 2287 607 2348 bene
616 2302 696 2367 potue
710 2308 793 2368 eques
806 2289 814 2350 Ι

53 2381 192 2449 subrubet
204 2400 257 2440 uve
268 2383 356 2461 genis,
380 2396 410 2441 et
420 2381 505 2460 pleno
517 2395 652 2462 purpurat
661 2400 721 2453 ure,

90 2474 164 2553 Qr'e
173 2472 250 2551 poffit
260 2474 378 2544 vultum,
398 2477 517 2547 Bacche,
535 2477 632 2537 decere
641 2489 729 2537 tuum.

48 2569 183 2632 Mentunr
195 2564 266 2643 pene
277 2568 402 2644 triplum,
422 2581 452 2627 ut
464 2570 538 2627 craffi
551 2571 674 2647 palearia
684 2571 765 2641 tauri,

88 2658 136 2718 De
147 2655 221 2716 collo
232 2655 339 2715 medior
349 2658 451 2734 pendet
462 2658 582 2736 adusque
593 2660 675 2719 finnt.

44 2751 157 2814 Venter
168 2749 239 2807 iners
250 2761 350 2828 turget,
369 2751 425 2809 veli
438 2749 543 2808 naualis
555 2749 682 2821 adinstar,

87 2841 213 2905 Plurima
221 2846 382 2924 pontiragae
393 2843 458 2904 ebrn
467 2843 543 2904 favet
555 2862 623 2907 aura
630 2845 692 2908 rati.

319 2999 339 3037 ⁸
356 2997 531 3079 Shakespeare,
544 3000 644 3078 pafflm.

476 3122 499 3182 P
510 3137 527 3180 z
