2002 3674
200 150 784 242 ouanuncnsrmamn.
871 180 912 251 35

89 439 250 524 Anomnis
261 445 372 526 Aslio
380 443 580 553 proveniat
593 471 618 524 a
629 388 795 530 Parma?
814 448 917 538 Aff'.

87 620 251 776 Comicus
264 630 294 688 in
305 628 414 689 scenam
424 627 489 688 cum
500 627 616 708 prodeat
630 631 649 666 ⁸*
659 630 762 703 hiſtrio,
772 633 868 712 plausu

169 728 296 788 Protinus
318 727 425 806 ingenti
445 728 509 786 laeta
524 729 632 787 theatra
650 729 780 790 fremunt.

86 812 136 888 Hic.
151 821 220 879 duce
240 814 349 890 naturai,
367 818 466 878 didicit
483 817 574 898 magia
585 820 712 879 omnibua
724 842 794 884 unua

112 911 282 990 spectantum
301 910 369 970 risus
391 911 467 969 mille
488 930 600 969 movere
617 911 718 972 modia.

85 997 183 1071 Rideat;
203 1000 341 1062 immenso
352 1001 478 1060 resonant
494 1001 618 1060 subsellia
635 1001 710 1062 risu:

108 1093 222 1154 Decidat
243 1113 280 1152 ex
302 1093 387 1153 oculis
409 1093 551 1169 lacryma3
576 1091 643 1151 risus
664 1095 726 1156 erit.

81 1181 101 1241 si
116 1187 153 1244 nil
168 1187 255 1255 dicat,
272 1197 338 1265 agat
357 1185 377 1242 fi
396 1185 447 1255 nil,
468 1183 533 1244 risus
553 1197 646 1245 tamen
662 1186 721 1257 ille,

107 1280 179 1360 Quor
192 1292 333 1358 nequeunt
345 1278 392 1337 alii
404 1296 483 1348 voce,
500 1278 617 1338 tacendo
630 1293 734 1340 movet.

79 1369 119 1431 Nil
130 1393 201 1453 opua
211 1374 259 1443 est,
277 1373 414 1443 comode,
432 1387 491 1442 tuo,
510 1392 562 1431 nec
574 1373 701 1433 acumine
711 1372 804 1444 vatiar

107 1465 210 1527 Sufficit
225 1465 382 1526 innumeros
393 1465 440 1526 vel
451 1463 599 1525 tuasorma
610 1463 688 1526 sales.

135 1719 202 1799 An
218 1705 326 1816 detur
344 1712 545 1805 satellebius
564 1712 721 1818 Agens?
764 1713 868 1797 Aff‘.

150 1899 309 1962 Ccumbcna
326 1898 428 1959 mensae
445 1897 562 1967 Bivium,
581 1896 659 1957 Deua
672 1895 740 1977 ipse,
753 1901 865 1985 Cupido

189 1996 263 2055 Haee
281 1995 376 2074 supero
392 1995 478 2054 sertur
496 1993 571 2053 dina
590 1994 677 2052 tulisse
694 1994 769 2071 Jovi.

76 2092 156 2150 Alma
174 2090 258 2148 Cerea
278 2106 362 2146 curvo
382 2102 474 2146 muros
493 2085 627 2145 submittit
646 2099 747 2157 aratro,

109 2185 250 2261 Flavaque
261 2179 396 2238 ridentem
408 2179 483 2257 spica
494 2191 608 2236 coronat
620 2197 727 2256 agrum.

77 2275 155 2336 Delia
174 2274 331 2351 sylvestrem
341 2272 420 2327 lunat
435 2269 593 2344 juveniliter
609 2287 714 2337 arcum,

109 2371 146 2428 Et
164 2369 285 2446 sequitur
306 2364 391 2422 fortes
407 2362 505 2422 sortior
515 2361 575 2439 ipsa
594 2360 677 2420 seras.

77 2462 129 2541 Qui
145 2460 252 2519 semore
269 2456 383 2524 exierat,
401 2456 488 2513 vitem
507 2451 669 2531 consurgere
681 2451 765 2524 secit3

110 2557 182 2636 Qae
200 2550 312 2610 cerebro
325 2562 423 2607 exorta
443 2548 490 2617 est,
509 2547 549 2605 nil
560 2561 608 2605 tua
624 2546 714 2606 Pallas
726 2552 794 2630 agit.

77 2650 200 2708 Protinus
212 2643 270 2725 ipse
284 2644 383 2712 Pater3
403 2643 473 2720 Quia
485 2640 599 2699 Pallada
610 2641 678 2700 dicit
688 2642 826 2702 inertem?
890 2648 894 2701 ἶ
920 2647 924 2654 “

112 2741 307 2822 Quodcunque
320 2737 447 2815 aspicitis,
465 2736 586 2794 Palladis
598 2747 673 2792 extat
684 2754 763 2811 opua.
844 2782 848 2789 .

79 2832 154 2895 Nam
165 2850 338 2913 quaecunque
349 2831 419 2888 olim
439 2848 503 2888 mea
514 2828 627 2886 dextera
638 2825 759 2895 finxerit,
776 2836 843 2889 ante

112 2929 244 2989 finxerat
262 2923 292 2982 in
308 2923 422 2982 cerebro
441 2922 518 2984 Diva
536 2921 667 2983 Minerua
682 2935 756 2980 meo.

92 3074 99 3089 ’
191 3091 409 3163 Ῡΐίκᾶιεὸηιακ.
