<?xml version="1.0" encoding="UTF-8"?>
<!DOCTYPE html PUBLIC "-//W3C//DTD XHTML 1.0 Transitional//EN"
    "http://www.w3.org/TR/xhtml1/DTD/xhtml1-transitional.dtd">
<html xmlns="http://www.w3.org/1999/xhtml" xml:lang="en" lang="en">
 <head>
  <title>
</title>
<meta http-equiv="Content-Type" content="text/html;charset=utf-8" />
  <meta name='ocr-system' content='tesseract 3.04.00' />
  <meta name='ocr-capabilities' content='ocr_page ocr_carea ocr_par ocr_line ocrx_word'/>
</head>
<body>
  <div class='ocr_page' id='page_1' title='image "./carminaquadrage01oxfogoog_0083.png"; bbox 0 0 2002 3674; ppageno 0'>
   <div class='ocr_carea' id='block_1_1' title="bbox 90 150 688 243">
    <p class='ocr_par' dir='ltr' id='par_1_1' title="bbox 90 150 688 243">
     <span class='ocr_line' id='line_1_1' title="bbox 90 150 688 243; baseline -0.002 -24"><span class='ocrx_word' id='word_1_1' title='bbox 90 150 133 243; x_wconf 58' lang='lat' dir='ltr'>m</span> <span class='ocrx_word' id='word_1_2' title='bbox 348 150 688 219; x_wconf 74' lang='lat' dir='ltr'>cann1nn</span> 
     </span>
    </p>
   </div>
   <div class='ocr_carea' id='block_1_2' title="bbox 20 266 866 1713">
    <p class='ocr_par' dir='ltr' id='par_1_2' title="bbox 20 266 866 1713">
     <span class='ocr_line' id='line_1_2' title="bbox 85 266 866 347; baseline 0.003 -22"><span class='ocrx_word' id='word_1_3' title='bbox 85 268 155 326; x_wconf 87' lang='lat' dir='ltr'>Non</span> <span class='ocrx_word' id='word_1_4' title='bbox 167 266 310 326; x_wconf 75' lang='lat' dir='ltr'>inteliesiis</span> <span class='ocrx_word' id='word_1_5' title='bbox 323 267 459 344; x_wconf 76' lang='lat' dir='ltr'>assemque</span> <span class='ocrx_word' id='word_1_6' title='bbox 472 266 641 345; x_wconf 87' lang='lat' dir='ltr'>obolumque</span> <span class='ocrx_word' id='word_1_7' title='bbox 654 267 748 347; x_wconf 80' lang='lat' dir='ltr'>figuris</span> <span class='ocrx_word' id='word_1_8' title='bbox 860 310 866 317; x_wconf 89' lang='lat'>-</span> 
     </span>
     <span class='ocr_line' id='line_1_3' title="bbox 126 358 708 438; baseline 0.002 -21"><span class='ocrx_word' id='word_1_9' title='bbox 126 360 253 438; x_wconf 75' lang='lat' dir='ltr'>Signatus,</span> <span class='ocrx_word' id='word_1_10' title='bbox 272 358 708 437; x_wconf 78' lang='lat' dir='ltr'>arcanisquaestibusauxitopea.</span> 
     </span>
     <span class='ocr_line' id='line_1_4' title="bbox 86 449 723 528; baseline 0 -18"><span class='ocrx_word' id='word_1_11' title='bbox 86 453 169 510; x_wconf 80' lang='lat' dir='ltr'>Forte</span> <span class='ocrx_word' id='word_1_12' title='bbox 181 450 339 528; x_wconf 72' lang='lat' dir='ltr'>quiescenti,</span> <span class='ocrx_word' id='word_1_13' title='bbox 360 471 408 528; x_wconf 89' lang='lat' dir='ltr'>per</span> <span class='ocrx_word' id='word_1_14' title='bbox 420 463 496 508; x_wconf 82' lang='lat' dir='ltr'>muta</span> <span class='ocrx_word' id='word_1_15' title='bbox 508 449 613 508; x_wconf 84' lang='lat' dir='ltr'>srlentia</span> <span class='ocrx_word' id='word_1_16' title='bbox 624 452 723 522; x_wconf 67' lang='lat' dir='ltr'>nostis,</span> 
     </span>
     <span class='ocr_line' id='line_1_5' title="bbox 124 542 669 608; baseline 0 -6"><span class='ocrx_word' id='word_1_17' title='bbox 124 544 247 603; x_wconf 88' lang='lat' dir='ltr'>Ultimus</span> <span class='ocrx_word' id='word_1_18' title='bbox 261 546 290 601; x_wconf 91' lang='lat' dir='ltr'>in</span> <span class='ocrx_word' id='word_1_19' title='bbox 303 542 402 602; x_wconf 86' lang='lat' dir='ltr'>somnis</span> <span class='ocrx_word' id='word_1_20' title='bbox 415 543 485 602; x_wconf 85' lang='lat' dir='ltr'>visus</span> <span class='ocrx_word' id='word_1_21' title='bbox 498 544 586 602; x_wconf 87' lang='lat' dir='ltr'>adesse</span> <span class='ocrx_word' id='word_1_22' title='bbox 598 544 669 608; x_wconf 68' lang='lat' dir='ltr'>diesi</span> 
     </span>
     <span class='ocr_line' id='line_1_6' title="bbox 85 634 749 706; baseline 0.003 -12"><span class='ocrx_word' id='word_1_23' title='bbox 85 637 166 695; x_wconf 76' lang='lat' dir='ltr'>‚Visus</span> <span class='ocrx_word' id='word_1_24' title='bbox 180 650 259 694; x_wconf 87' lang='lat' dir='ltr'>atrox</span> <span class='ocrx_word' id='word_1_25' title='bbox 270 639 340 694; x_wconf 79' lang='lat' dir='ltr'>vitas</span> <span class='ocrx_word' id='word_1_26' title='bbox 352 650 380 696; x_wconf 91' lang='lat' dir='ltr'>et</span> <span class='ocrx_word' id='word_1_27' title='bbox 392 637 507 695; x_wconf 88' lang='lat' dir='ltr'>crimina</span> <span class='ocrx_word' id='word_1_28' title='bbox 519 634 622 695; x_wconf 88' lang='lat' dir='ltr'>discere</span> <span class='ocrx_word' id='word_1_29' title='bbox 635 638 732 697; x_wconf 87' lang='lat' dir='ltr'>Minos</span> <span class='ocrx_word' id='word_1_30' title='bbox 739 664 749 706; x_wconf 64' lang='grc' dir='ltr'><strong>ς</strong></span> 
     </span>
     <span class='ocr_line' id='line_1_7' title="bbox 124 729 734 806; baseline 0.003 -20"><span class='ocrx_word' id='word_1_31' title='bbox 124 729 246 806; x_wconf 89' lang='lat' dir='ltr'>Visaque</span> <span class='ocrx_word' id='word_1_32' title='bbox 258 742 412 806; x_wconf 89' lang='lat' dir='ltr'>compertos</span> <span class='ocrx_word' id='word_1_33' title='bbox 425 749 509 806; x_wconf 88' lang='lat' dir='ltr'>poena</span> <span class='ocrx_word' id='word_1_34' title='bbox 521 747 631 786; x_wconf 89' lang='lat' dir='ltr'>manere</span> <span class='ocrx_word' id='word_1_35' title='bbox 644 729 734 788; x_wconf 84' lang='lat' dir='ltr'>dolos.</span> 
     </span>
     <span class='ocr_line' id='line_1_8' title="bbox 88 820 741 898; baseline 0 -20"><span class='ocrx_word' id='word_1_36' title='bbox 88 823 171 880; x_wconf 84' lang='lat' dir='ltr'>Cotta</span> <span class='ocrx_word' id='word_1_37' title='bbox 190 821 367 898; x_wconf 73' lang='lat' dir='ltr'>perhorrescit</span> <span class='ocrx_word' id='word_1_38' title='bbox 387 821 475 898; x_wconf 88' lang='lat' dir='ltr'>specie</span> <span class='ocrx_word' id='word_1_39' title='bbox 496 820 625 897; x_wconf 88' lang='lat' dir='ltr'>deceptus</span> <span class='ocrx_word' id='word_1_40' title='bbox 646 821 723 880; x_wconf 89' lang='lat' dir='ltr'>inani</span> <span class='ocrx_word' id='word_1_41' title='bbox 730 844 741 888; x_wconf 78' lang='lat'>3</span> 
     </span>
     <span class='ocr_line' id='line_1_9' title="bbox 126 914 776 992; baseline -0.002 -19"><span class='ocrx_word' id='word_1_42' title='bbox 126 917 184 973; x_wconf 89' lang='lat' dir='ltr'>Cor</span> <span class='ocrx_word' id='word_1_43' title='bbox 194 918 288 981; x_wconf 85' lang='lat' dir='ltr'>micat,</span> <span class='ocrx_word' id='word_1_44' title='bbox 307 930 334 972; x_wconf 87' lang='lat' dir='ltr'>et</span> <span class='ocrx_word' id='word_1_45' title='bbox 345 915 451 992; x_wconf 86' lang='lat' dir='ltr'>gelidus</span> <span class='ocrx_word' id='word_1_46' title='bbox 464 914 586 972; x_wconf 87' lang='lat' dir='ltr'>concutit</span> <span class='ocrx_word' id='word_1_47' title='bbox 596 914 652 972; x_wconf 87' lang='lat' dir='ltr'>ossa</span> <span class='ocrx_word' id='word_1_48' title='bbox 664 927 776 972; x_wconf 82' lang='lat' dir='ltr'>tremor.</span> 
     </span>
     <span class='ocr_line' id='line_1_10' title="bbox 88 1005 722 1085; baseline -0.003 -21"><span class='ocrx_word' id='word_1_49' title='bbox 88 1008 183 1085; x_wconf 74' lang='lat' dir='ltr'>Ocyds</span> <span class='ocrx_word' id='word_1_50' title='bbox 197 1006 307 1074; x_wconf 76' lang='lat' dir='ltr'>inrisos,</span> <span class='ocrx_word' id='word_1_51' title='bbox 326 1006 424 1081; x_wconf 90' lang='lat' dir='ltr'>inquit,</span> <span class='ocrx_word' id='word_1_52' title='bbox 445 1024 522 1080; x_wconf 89' lang='lat' dir='ltr'>puer,</span> <span class='ocrx_word' id='word_1_53' title='bbox 541 1024 589 1061; x_wconf 89' lang='lat' dir='ltr'>ure</span> <span class='ocrx_word' id='word_1_54' title='bbox 601 1005 722 1074; x_wconf 86' lang='lat' dir='ltr'>libellos,</span> 
     </span>
     <span class='ocr_line' id='line_1_11' title="bbox 127 1097 691 1169; baseline -0.002 -14"><span class='ocrx_word' id='word_1_55' title='bbox 127 1099 208 1155; x_wconf 90' lang='lat' dir='ltr'>Heu!</span> <span class='ocrx_word' id='word_1_56' title='bbox 229 1097 294 1155; x_wconf 82' lang='lat' dir='ltr'>furti</span> <span class='ocrx_word' id='word_1_57' title='bbox 305 1098 381 1153; x_wconf 79' lang='lat' dir='ltr'>testes</span> <span class='ocrx_word' id='word_1_58' title='bbox 394 1108 613 1169; x_wconf 78' lang='lat' dir='ltr'>etmonumenta</span> <span class='ocrx_word' id='word_1_59' title='bbox 625 1097 691 1154; x_wconf 91' lang='lat' dir='ltr'>mei.</span> 
     </span>
     <span class='ocr_line' id='line_1_12' title="bbox 88 1189 823 1264; baseline 0.007 -19"><span class='ocrx_word' id='word_1_60' title='bbox 88 1190 154 1245; x_wconf 83' lang='lat' dir='ltr'>Fors</span> <span class='ocrx_word' id='word_1_61' title='bbox 168 1208 259 1246; x_wconf 86' lang='lat' dir='ltr'>comes</span> <span class='ocrx_word' id='word_1_62' title='bbox 273 1189 398 1245; x_wconf 84' lang='lat' dir='ltr'>audierat</span> <span class='ocrx_word' id='word_1_63' title='bbox 410 1189 573 1264; x_wconf 87' lang='lat' dir='ltr'>prodentem</span> <span class='ocrx_word' id='word_1_64' title='bbox 585 1189 702 1247; x_wconf 88' lang='lat' dir='ltr'>crimina</span> <span class='ocrx_word' id='word_1_65' title='bbox 712 1204 823 1257; x_wconf 72' lang='lat' dir='ltr'>vocetur</span> 
     </span>
     <span class='ocr_line' id='line_1_13' title="bbox 126 1280 754 1358; baseline 0.003 -20"><span class='ocrx_word' id='word_1_66' title='bbox 126 1282 293 1358; x_wconf 81' lang='lat' dir='ltr'>Detexitque</span> <span class='ocrx_word' id='word_1_67' title='bbox 306 1295 378 1350; x_wconf 88' lang='lat' dir='ltr'>tuos,</span> <span class='ocrx_word' id='word_1_68' title='bbox 399 1280 524 1358; x_wconf 87' lang='lat' dir='ltr'>improbe</span> <span class='ocrx_word' id='word_1_69' title='bbox 537 1280 646 1352; x_wconf 90' lang='lat' dir='ltr'>Prome,</span> <span class='ocrx_word' id='word_1_70' title='bbox 665 1281 754 1340; x_wconf 84' lang='lat' dir='ltr'>dolos.</span> 
     </span>
     <span class='ocr_line' id='line_1_14' title="bbox 85 1372 802 1453; baseline 0.01 -25"><span class='ocrx_word' id='word_1_71' title='bbox 85 1373 171 1430; x_wconf 81' lang='lat' dir='ltr'>Furta</span> <span class='ocrx_word' id='word_1_72' title='bbox 180 1373 249 1453; x_wconf 83' lang='lat' dir='ltr'>vigil</span> <span class='ocrx_word' id='word_1_73' title='bbox 260 1374 332 1431; x_wconf 88' lang='lat' dir='ltr'>celas</span> <span class='ocrx_word' id='word_1_74' title='bbox 343 1372 469 1450; x_wconf 84' lang='lat' dir='ltr'>quamvis</span> <span class='ocrx_word' id='word_1_75' title='bbox 481 1372 613 1450; x_wconf 87' lang='lat' dir='ltr'>deprensa</span> <span class='ocrx_word' id='word_1_76' title='bbox 623 1399 633 1440; x_wconf 66' lang='grc' dir='ltr'><strong>ς</strong></span> <span class='ocrx_word' id='word_1_77' title='bbox 652 1393 704 1433; x_wconf 89' lang='lat' dir='ltr'>nec</span> <span class='ocrx_word' id='word_1_78' title='bbox 717 1375 802 1435; x_wconf 80' lang='lat' dir='ltr'>ullam</span> 
     </span>
     <span class='ocr_line' id='line_1_15' title="bbox 127 1466 690 1542; baseline 0.009 -21"><span class='ocrx_word' id='word_1_79' title='bbox 127 1466 241 1523; x_wconf 88' lang='lat' dir='ltr'>Somnia</span> <span class='ocrx_word' id='word_1_80' title='bbox 253 1466 395 1523; x_wconf 87' lang='lat' dir='ltr'>contendis</span> <span class='ocrx_word' id='word_1_81' title='bbox 408 1467 582 1542; x_wconf 70' lang='lat' dir='ltr'>promeruisse</span> <span class='ocrx_word' id='word_1_82' title='bbox 595 1466 690 1536; x_wconf 72' lang='lat' dir='ltr'>fidenn</span> 
     </span>
     <span class='ocr_line' id='line_1_16' title="bbox 20 1542 777 1641; baseline 0.011 -29"><span class='ocrx_word' id='word_1_83' title='bbox 20 1542 28 1560; x_wconf 78' lang='grc'>’</span> <span class='ocrx_word' id='word_1_84' title='bbox 88 1558 110 1613; x_wconf 66' lang='lat'>1⁴¹</span> <span class='ocrx_word' id='word_1_85' title='bbox 112 1579 140 1613; x_wconf 85' lang='lat' dir='ltr'>rn</span> <span class='ocrx_word' id='word_1_86' title='bbox 147 1560 193 1614; x_wconf 65' lang='lat' dir='ltr'>isra</span> <span class='ocrx_word' id='word_1_87' title='bbox 207 1558 366 1626; x_wconf 73' lang='lat' dir='ltr'>dissimulas,</span> <span class='ocrx_word' id='word_1_88' title='bbox 387 1560 473 1616; x_wconf 71' lang='lat' dir='ltr'>nostis</span> <span class='ocrx_word' id='word_1_89' title='bbox 486 1580 570 1638; x_wconf 88' lang='lat' dir='ltr'>quem</span> <span class='ocrx_word' id='word_1_90' title='bbox 581 1572 664 1619; x_wconf 88' lang='lat' dir='ltr'>terret</span> <span class='ocrx_word' id='word_1_91' title='bbox 672 1562 777 1641; x_wconf 85' lang='lat' dir='ltr'>imago,</span> 
     </span>
     <span class='ocr_line' id='line_1_17' title="bbox 128 1652 698 1713; baseline 0.005 -5"><span class='ocrx_word' id='word_1_92' title='bbox 128 1652 255 1710; x_wconf 74' lang='lat' dir='ltr'>Noverat</span> <span class='ocrx_word' id='word_1_93' title='bbox 267 1652 318 1711; x_wconf 85' lang='lat' dir='ltr'>esse</span> <span class='ocrx_word' id='word_1_94' title='bbox 330 1672 407 1711; x_wconf 90' lang='lat' dir='ltr'>reum</span> <span class='ocrx_word' id='word_1_95' title='bbox 420 1653 541 1712; x_wconf 88' lang='lat' dir='ltr'>conscius</span> <span class='ocrx_word' id='word_1_96' title='bbox 555 1668 618 1713; x_wconf 89' lang='lat' dir='ltr'>ante</span> <span class='ocrx_word' id='word_1_97' title='bbox 630 1654 698 1713; x_wconf 80' lang='lat' dir='ltr'>dies.</span> 
     </span>
    </p>
   </div>
   <div class='ocr_carea' id='block_1_3' title="bbox 162 1855 868 2020">
    <p class='ocr_par' dir='ltr' id='par_1_3' title="bbox 162 1855 868 2020">
     <span class='ocr_line' id='line_1_18' title="bbox 162 1855 868 2020; baseline 0 -40"><span class='ocrx_word' id='word_1_98' title='bbox 162 1904 226 1980; x_wconf 86' lang='lat' dir='ltr'>An</span> <span class='ocrx_word' id='word_1_99' title='bbox 251 1899 408 2008; x_wconf 71' lang='lat' dir='ltr'>Serfibas</span> <span class='ocrx_word' id='word_1_100' title='bbox 426 1901 481 2011; x_wconf 79' lang='lat' dir='ltr'>fit</span> <span class='ocrx_word' id='word_1_101' title='bbox 498 1855 711 2011; x_wconf 72' lang='lat' dir='ltr'>fidendum?</span> <span class='ocrx_word' id='word_1_102' title='bbox 770 1898 868 2020; x_wconf 45' lang='lat' dir='ltr'>Affi</span> 
     </span>
    </p>
   </div>
   <div class='ocr_carea' id='block_1_4' title="bbox 88 2086 887 3195">
    <p class='ocr_par' dir='ltr' id='par_1_4' title="bbox 92 2086 887 2258">
     <span class='ocr_line' id='line_1_19' title="bbox 92 2086 850 2210; baseline 0 -66"><span class='ocrx_word' id='word_1_103' title='bbox 92 2087 260 2210; x_wconf 88' lang='lat' dir='ltr'>DIVES</span> <span class='ocrx_word' id='word_1_104' title='bbox 281 2088 370 2157; x_wconf 85' lang='lat' dir='ltr'>Persa,</span> <span class='ocrx_word' id='word_1_105' title='bbox 390 2089 490 2146; x_wconf 87' lang='lat' dir='ltr'>struens</span> <span class='ocrx_word' id='word_1_106' title='bbox 506 2087 583 2146; x_wconf 90' lang='lat' dir='ltr'>nullo</span> <span class='ocrx_word' id='word_1_107' title='bbox 597 2087 725 2146; x_wconf 89' lang='lat' dir='ltr'>convivia</span> <span class='ocrx_word' id='word_1_108' title='bbox 738 2086 850 2166; x_wconf 90' lang='lat' dir='ltr'>sumptu,</span> 
     </span>
     <span class='ocr_line' id='line_1_20' title="bbox 215 2182 887 2258; baseline -0.007 -18"><span class='ocrx_word' id='word_1_109' title='bbox 215 2184 262 2240; x_wconf 91' lang='lat' dir='ltr'>Ad</span> <span class='ocrx_word' id='word_1_110' title='bbox 273 2202 381 2240; x_wconf 81' lang='lat' dir='ltr'>coenam</span> <span class='ocrx_word' id='word_1_111' title='bbox 393 2182 517 2258; x_wconf 90' lang='lat' dir='ltr'>lepidum</span> <span class='ocrx_word' id='word_1_112' title='bbox 528 2182 597 2250; x_wconf 74' lang='lat' dir='ltr'>te‚&#39;*</span> <span class='ocrx_word' id='word_1_113' title='bbox 610 2182 795 2248; x_wconf 88' lang='lat' dir='ltr'>Schacabace‚</span> <span class='ocrx_word' id='word_1_114' title='bbox 812 2183 887 2238; x_wconf 71' lang='lat' dir='ltr'>vocat·</span> 
     </span>
    </p>

    <p class='ocr_par' dir='ltr' id='par_1_5' title="bbox 90 2273 806 2436">
     <span class='ocr_line' id='line_1_21' title="bbox 90 2273 806 2352; baseline 0.003 -23"><span class='ocrx_word' id='word_1_115' title='bbox 90 2273 239 2332; x_wconf 76' lang='lat' dir='ltr'>Exhaustus</span> <span class='ocrx_word' id='word_1_116' title='bbox 252 2277 375 2351; x_wconf 85' lang='lat' dir='ltr'>cyathos,</span> <span class='ocrx_word' id='word_1_117' title='bbox 395 2274 555 2352; x_wconf 87' lang='lat' dir='ltr'>patinasque</span> <span class='ocrx_word' id='word_1_118' title='bbox 568 2275 683 2352; x_wconf 92' lang='lat' dir='ltr'>apponit</span> <span class='ocrx_word' id='word_1_119' title='bbox 693 2275 806 2340; x_wconf 82' lang='lat' dir='ltr'>inanes3</span> 
     </span>
     <span class='ocr_line' id='line_1_22' title="bbox 129 2367 796 2436; baseline 0 -11"><span class='ocrx_word' id='word_1_120' title='bbox 129 2369 184 2427; x_wconf 90' lang='lat' dir='ltr'>Sed</span> <span class='ocrx_word' id='word_1_121' title='bbox 194 2383 287 2426; x_wconf 86' lang='lat' dir='ltr'>tamen</span> <span class='ocrx_word' id='word_1_122' title='bbox 298 2370 340 2426; x_wconf 90' lang='lat' dir='ltr'>his</span> <span class='ocrx_word' id='word_1_123' title='bbox 353 2369 406 2426; x_wconf 86' lang='lat' dir='ltr'>sitis</span> <span class='ocrx_word' id='word_1_124' title='bbox 419 2370 465 2436; x_wconf 82' lang='lat' dir='ltr'>est,</span> <span class='ocrx_word' id='word_1_125' title='bbox 485 2370 527 2426; x_wconf 88' lang='lat' dir='ltr'>his</span> <span class='ocrx_word' id='word_1_126' title='bbox 540 2368 687 2426; x_wconf 86' lang='lat' dir='ltr'>relevanda</span> <span class='ocrx_word' id='word_1_127' title='bbox 698 2367 796 2427; x_wconf 82' lang='lat' dir='ltr'>fames.</span> 
     </span>
    </p>

    <p class='ocr_par' dir='ltr' id='par_1_6' title="bbox 88 2464 691 2631">
     <span class='ocr_line' id='line_1_23' title="bbox 88 2464 691 2541; baseline 0.003 -18"><span class='ocrx_word' id='word_1_128' title='bbox 88 2464 213 2541; x_wconf 88' lang='lat' dir='ltr'>Hospitis</span> <span class='ocrx_word' id='word_1_129' title='bbox 226 2465 369 2541; x_wconf 83' lang='lat' dir='ltr'>ingenium</span> <span class='ocrx_word' id='word_1_130' title='bbox 381 2464 460 2524; x_wconf 87' lang='lat' dir='ltr'>sentit</span> <span class='ocrx_word' id='word_1_131' title='bbox 472 2466 589 2522; x_wconf 87' lang='lat' dir='ltr'>conviva</span> <span class='ocrx_word' id='word_1_132' title='bbox 596 2465 691 2540; x_wconf 81' lang='lat' dir='ltr'>jocosi,</span> 
     </span>
     <span class='ocr_line' id='line_1_24' title="bbox 128 2540 629 2631; baseline 0.008 -18"><span class='ocrx_word' id='word_1_133' title='bbox 128 2553 315 2631; x_wconf 86' lang='lat' dir='ltr'>Absentesqoe</span> <span class='ocrx_word' id='word_1_134' title='bbox 327 2555 403 2612; x_wconf 87' lang='lat' dir='ltr'>cibos</span> <span class='ocrx_word' id='word_1_135' title='bbox 417 2540 550 2616; x_wconf 85' lang='lat' dir='ltr'>officiosus</span> <span class='ocrx_word' id='word_1_136' title='bbox 563 2559 629 2617; x_wconf 84' lang='lat' dir='ltr'>edit.</span> 
     </span>
    </p>

    <p class='ocr_par' dir='ltr' id='par_1_7' title="bbox 89 2647 687 2820">
     <span class='ocr_line' id='line_1_25' title="bbox 89 2647 674 2730; baseline 0.007 -24"><span class='ocrx_word' id='word_1_137' title='bbox 89 2648 218 2707; x_wconf 83' lang='lat' dir='ltr'>Candida</span> <span class='ocrx_word' id='word_1_138' title='bbox 231 2647 317 2705; x_wconf 77' lang='lat' dir='ltr'>sistitis</span> <span class='ocrx_word' id='word_1_139' title='bbox 330 2648 458 2726; x_wconf 85' lang='lat' dir='ltr'>discerpit</span> <span class='ocrx_word' id='word_1_140' title='bbox 470 2653 583 2728; x_wconf 74' lang='lat' dir='ltr'>pestora</span> <span class='ocrx_word' id='word_1_141' title='bbox 594 2653 674 2730; x_wconf 85' lang='lat' dir='ltr'>pulli,</span> 
     </span>
     <span class='ocr_line' id='line_1_26' title="bbox 129 2739 687 2820; baseline 0 -22"><span class='ocrx_word' id='word_1_142' title='bbox 129 2741 165 2798; x_wconf 94' lang='lat' dir='ltr'>Et</span> <span class='ocrx_word' id='word_1_143' title='bbox 178 2760 234 2800; x_wconf 88' lang='lat' dir='ltr'>non</span> <span class='ocrx_word' id='word_1_144' title='bbox 247 2739 381 2820; x_wconf 83' lang='lat' dir='ltr'>gustatam</span> <span class='ocrx_word' id='word_1_145' title='bbox 391 2740 471 2799; x_wconf 90' lang='lat' dir='ltr'>dente</span> <span class='ocrx_word' id='word_1_146' title='bbox 485 2741 687 2820; x_wconf 76' lang='lat' dir='ltr'>fatigatorem.</span> 
     </span>
    </p>

    <p class='ocr_par' dir='ltr' id='par_1_8' title="bbox 89 2831 818 3006">
     <span class='ocr_line' id='line_1_27' title="bbox 89 2831 818 2912; baseline 0 -22"><span class='ocrx_word' id='word_1_147' title='bbox 89 2831 175 2892; x_wconf 90' lang='lat' dir='ltr'>Nunc</span> <span class='ocrx_word' id='word_1_148' title='bbox 187 2834 263 2893; x_wconf 88' lang='lat' dir='ltr'>color</span> <span class='ocrx_word' id='word_1_149' title='bbox 273 2833 348 2891; x_wconf 83' lang='lat' dir='ltr'>haitd</span> <span class='ocrx_word' id='word_1_150' title='bbox 359 2832 423 2892; x_wconf 86' lang='lat' dir='ltr'>visae</span> <span class='ocrx_word' id='word_1_151' title='bbox 434 2833 562 2891; x_wconf 89' lang='lat' dir='ltr'>laudatur</span> <span class='ocrx_word' id='word_1_152' title='bbox 575 2832 729 2912; x_wconf 88' lang='lat' dir='ltr'>splendidus</span> <span class='ocrx_word' id='word_1_153' title='bbox 742 2850 802 2891; x_wconf 81' lang='lat' dir='ltr'>uvae</span> <span class='ocrx_word' id='word_1_154' title='bbox 809 2856 818 2899; x_wconf 72' lang='grc' dir='ltr'><strong><em>ς</em></strong></span> 
     </span>
     <span class='ocr_line' id='line_1_28' title="bbox 127 2925 659 3006; baseline 0.004 -24"><span class='ocrx_word' id='word_1_155' title='bbox 127 2927 212 2986; x_wconf 94' lang='lat' dir='ltr'>Nunc</span> <span class='ocrx_word' id='word_1_156' title='bbox 226 2928 304 3006; x_wconf 89' lang='lat' dir='ltr'>sapor</span> <span class='ocrx_word' id='word_1_157' title='bbox 317 2927 412 2996; x_wconf 71' lang='lat' dir='ltr'>intasii</span> <span class='ocrx_word' id='word_1_158' title='bbox 424 2925 576 2984; x_wconf 87' lang='lat' dir='ltr'>luxuriosus</span> <span class='ocrx_word' id='word_1_159' title='bbox 590 2927 659 3003; x_wconf 90' lang='lat' dir='ltr'>apri.</span> 
     </span>
    </p>

    <p class='ocr_par' dir='ltr' id='par_1_9' title="bbox 89 3014 799 3195">
     <span class='ocr_line' id='line_1_29' title="bbox 89 3014 799 3096; baseline 0.001 -23"><span class='ocrx_word' id='word_1_160' title='bbox 89 3016 235 3076; x_wconf 84' lang='lat' dir='ltr'>Exclamat</span> <span class='ocrx_word' id='word_1_161' title='bbox 247 3018 358 3076; x_wconf 87' lang='lat' dir='ltr'>tandem</span> <span class='ocrx_word' id='word_1_162' title='bbox 371 3016 487 3094; x_wconf 84' lang='lat' dir='ltr'>dapibus</span> <span class='ocrx_word' id='word_1_163' title='bbox 500 3037 551 3075; x_wconf 90' lang='lat' dir='ltr'>ceu</span> <span class='ocrx_word' id='word_1_164' title='bbox 564 3017 700 3096; x_wconf 85' lang='lat' dir='ltr'>turgidus,</span> <span class='ocrx_word' id='word_1_165' title='bbox 719 3014 799 3074; x_wconf 84' lang='lat' dir='ltr'>Ohet</span> 
     </span>
     <span class='ocr_line' id='line_1_30' title="bbox 127 3108 631 3195; baseline 0.004 -29"><span class='ocrx_word' id='word_1_166' title='bbox 127 3108 164 3168; x_wconf 87' lang='lat' dir='ltr'>Et</span> <span class='ocrx_word' id='word_1_167' title='bbox 177 3111 256 3195; x_wconf 78' lang='lat' dir='ltr'>fingit</span> <span class='ocrx_word' id='word_1_168' title='bbox 268 3111 355 3170; x_wconf 88' lang='lat' dir='ltr'>nimio</span> <span class='ocrx_word' id='word_1_169' title='bbox 366 3108 392 3169; x_wconf 93' lang='lat' dir='ltr'>se</span> <span class='ocrx_word' id='word_1_170' title='bbox 405 3108 535 3168; x_wconf 86' lang='lat' dir='ltr'>maduisse</span> <span class='ocrx_word' id='word_1_171' title='bbox 546 3129 631 3168; x_wconf 89' lang='lat' dir='ltr'>mero.</span> 
     </span>
    </p>
   </div>
   <div class='ocr_carea' id='block_1_5' title="bbox 207 3251 534 3323">
    <p class='ocr_par' dir='ltr' id='par_1_10' title="bbox 207 3251 534 3323">
     <span class='ocr_line' id='line_1_31' title="bbox 207 3251 534 3323; baseline -0.003 -13"><span class='ocrx_word' id='word_1_172' title='bbox 207 3251 225 3288; x_wconf 72' lang='lat'>⁸*</span> <span class='ocrx_word' id='word_1_173' title='bbox 238 3253 383 3323; x_wconf 83' lang='lat' dir='ltr'>Guardian‚</span> <span class='ocrx_word' id='word_1_174' title='bbox 400 3252 451 3310; x_wconf 82' lang='lat' dir='ltr'>No.</span> <span class='ocrx_word' id='word_1_175' title='bbox 467 3267 534 3309; x_wconf 82' lang='lat'>102.</span> 
     </span>
    </p>
   </div>
   <div class='ocr_carea' id='block_1_6' title="bbox 0 0 1006 3674">
    <p class='ocr_par' dir='ltr' id='par_1_11' title="bbox 0 0 1006 3674">
     <span class='ocr_line' id='line_1_32' title="bbox 0 0 1006 3674; baseline 0 2"><span class='ocrx_word' id='word_1_176' title='bbox 0 0 1006 3674; x_wconf 95' lang='lat' dir='ltr'> </span> 
     </span>
    </p>
   </div>
  </div>
 </body>
</html>
