2002 3674
82 241 127 305 μ
338 204 686 274 cnumrnn

85 524 151 605 An
167 479 275 596 detur
283 516 446 594 Fortuna
457 528 492 589 et
500 510 607 612 Castus
620 514 661 593 in
671 511 800 592 rebus?
844 511 956 592 Aff‘.

88 703 253 831 Mittitur
264 702 293 759 in
305 701 326 774 †
338 698 436 758 sortem
447 697 536 776 gentis
548 697 607 777 spes
617 699 831 769 totaBritannae,

223 799 260 856 Et
270 795 359 854 fatum
369 795 530 872 ambiguum
542 795 664 853 continet
676 815 745 854 urna
755 796 869 872 duplex.

86 893 165 952 Hinc
179 891 268 970 plebs,
288 891 353 949 hinc
367 908 492 966 proceres
504 888 553 946 fibi
565 903 676 948 centum
688 890 774 948 millia
786 889 908 966 sperant;

126 986 204 1044 Hinc
215 985 320 1050 dotem,
339 996 366 1038 et
378 982 505 1058 pulcrum
519 981 615 1058 pulcra
626 983 719 1060 puella
730 983 831 1042 virum.
949 1048 953 1053 ,

89 1080 170 1158 Quis,
190 1079 321 1143 Fortuna,
341 1088 419 1132 tuum
433 1073 546 1153 supplex
557 1094 613 1134 non
626 1095 728 1133 numen
740 1076 857 1142 adorati

125 1173 289 1248 importuna
299 1167 389 1226 ferunt
399 1183 466 1246 quot
476 1168 527 1226 tibi
537 1169 618 1228 turba
628 1172 735 1249 preces?

89 1266 211 1325 Munera
224 1263 290 1320 dum
301 1260 394 1340 paffim
405 1260 501 1318 dextri
510 1262 617 1342 largiris
630 1262 735 1342 aperti,

130 1356 314 1435 Centenisque
325 1370 386 1416 tuor
399 1356 521 1415 millibus
535 1358 609 1416 alma
620 1358 697 1426 beas,

90 1451 183 1512 Assere
193 1452 354 1528 promeritas
367 1449 418 1507 tibi
430 1448 540 1519 laudem
560 1451 578 1507 ὂ
592 1451 655 1510 Dea
667 1449 753 1507 certe!

127 1543 194 1603 Non
208 1541 285 1601 dedit
296 1543 351 1601 hoc
361 1542 457 1612 virtus,
477 1562 534 1601 non
545 1562 646 1623 genum
665 1560 747 1601 omne
760 1553 840 1599 tuum
852 1539 898 1599 est.

348 1809 394 1883 sn
421 1805 515 1885 idem
532 1808 697 1886 Lemma.

170 1991 280 2060 OPSA,
300 1987 465 2048 adversantis
477 1991 604 2050 Fortunae
615 1990 728 2050 crimine
738 1987 827 2060 serva,

227 2074 381 2167 Imperium
393 2087 499 2146 domini
512 2087 595 2158 sueta,
613 2087 755 2165 minasque
766 2088 836 2166 pati,

93 2182 139 2241 Bis
151 2182 248 2262 quinas
260 2183 376 2249 lucrata,
394 2197 509 2257 operum
520 2180 662 2257 stipendia,
681 2179 765 2238 libras

133 2277 241 2336 Sortem
252 2276 328 2344 emit,
347 2273 492 2333 immensas
505 2273 560 2353 qud
571 2274 619 2332 sibi
632 2274 747 2352 spondet
758 2293 835 2352 opes.

93 2371 160 2432 Hac
169 2371 216 2450 spe
226 2373 290 2432 laeta
301 2371 401 2430 iterum
414 2369 485 2428 redit
496 2371 533 2429 ad
545 2369 652 2450 servilio
663 2368 755 2446 pensa,

132 2463 340 2540 Cantissansque
352 2459 439 2519 hilare
449 2474 535 2528 curat,
555 2475 585 2519 ut
596 2474 669 2530 ante,
690 2461 822 2520 domum:

92 2561 152 2618 Aut
168 2555 259 2614 sternit
270 2554 366 2621 lectos,
386 2567 434 2613 aut
445 2573 500 2612 aera
509 2554 625 2612 nitentia
635 2555 728 2634 tergit,

37 2633 47 2652 ’
133 2651 192 2710 Aut
203 2649 314 2727 scopam
326 2650 356 2707 in
367 2667 450 2728 gyros
461 2649 602 2728 ingeniosa
613 2664 693 2709 rotat.

95 2743 205 2802 Obvius
216 2743 281 2801 huie
292 2746 310 2777 ¹*
324 2741 427 2801 Censor
438 2742 581 2800 Britonum
587 2767 597 2810 ;
617 2742 710 2813 Salve,
729 2742 835 2822 optima
844 2739 933 2820 virgo,

135 2838 254 2896 Dotatae
274 2839 346 2896 inter
365 2832 432 2896 mox
452 2836 617 2896 celebranda
630 2857 723 2896 nurus.

94 2930 188 3000 Instat,
201 2931 313 3008 Mopse,
331 2931 399 3000 dies,
418 2931 482 2988 ciun
491 2930 550 3006 jam
562 2929 668 2989 felicior
679 2928 747 2988 urnii

136 3026 200 3084 Sors
209 3022 260 3082 tibi
270 3023 410 3102 prosiliens
423 3023 500 3083 mille
510 3023 612 3084 talenta
622 3022 709 3083 dabit.

214 3178 325 3254 †Angl.
340 3181 449 3254 [army
506 3151 514 3156 “

216 3287 349 3372 Psatlaer,
365 3289 415 3349 No.
432 3307 498 3369 ιιι,
