2002 3674
96 169 138 238 72
352 147 717 219 CARMINA-

124 448 190 526 An
202 437 342 519 Anima
349 440 404 546 fit
422 440 462 519 in
483 456 555 519 toto
573 439 763 547 Corpore?
822 439 915 524 Affz

159 625 226 686 ΠΜ
244 627 328 687 Cotta
339 627 357 688 ὲ
368 629 428 687 diro
440 627 552 687 timidus
564 626 591 686 se
603 628 721 706 proripit
732 626 818 706 hoste,

198 720 235 778 Et
246 721 356 799 pavidae
367 721 472 800 praebet
482 736 559 801 terga
571 721 714 779 inhonesta
725 720 801 800 fugae
811 749 820 791 ;

94 811 263 882 Pone'subit,
281 828 415 893 tergoque
433 815 513 872 instat
536 811 682 872 crudeliter
703 814 798 884 hostie,

134 908 172 966 Et
192 907 287 987 gladio
308 907 400 966 Cottae
421 907 569 985 posteriora
590 905 672 964 fodit.

93 993 239 1074 Purpureis
251 998 317 1056 hinc
328 999 412 1076 plena
423 998 536 1056 madent
548 996 693 1057 femoralia
704 998 780 1067 rivio,

55 1092 57 1097 ’
102 1104 106 1111 ’
132 1091 171 1149 Et
187 1091 295 1169 nigram
307 1090 426 1170 aspergit
436 1090 574 1170 sanguinis
589 1091 680 1150 imber
690 1093 815 1152 humum.

93 1182 217 1243 Vulnere
229 1186 264 1242 de
278 1198 348 1243 tetro
359 1185 461 1245 divinae
473 1185 608 1264 particula
621 1206 696 1247 aurae

131 1277 243 1345 Manat,
263 1281 288 1334 δι
308 1296 324 1335 e
347 1277 467 1336 claustris
488 1279 582 1337 evolat
601 1277 651 1336 illa
670 1277 733 1338 suis.

91 1368 159 1447 Quo
175 1387 234 1428 non
254 1367 284 1426 in
300 1387 395 1437 nervo,
416 1369 472 1447 qui
484 1387 540 1428 non
553 1370 582 1427 in
594 1383 673 1446 parte
685 1386 815 1444 moratur,

93 1470 97 1476 '
131 1460 693 1546 Poneerismsedemfilegotillasuaml

118 1710 356 1792 AnNotura
365 1711 423 1818 fit
432 1709 637 1820 perfidior
650 1652 783 1798 Arte?
823 1708 901 1795 Aff.

89 1898 236 2024 INllituit
250 1897 358 1975 lepidus
378 1901 479 1958 mirum
499 1911 637 1958 certamen
656 1903 779 1972 Alexis;

199 1991 295 2068 Ocylos
306 1992 430 2050 exomni
442 2004 519 2068 parte
530 1991 657 2067 popellus
670 1993 756 2065 adest,

87 2085 184 2146 Prodit
195 2084 317 2167 deformi
325 2084 446 2164 quisquis
458 2082 612 2162 speslabilis
622 2104 670 2144 ore
683 2087 737 2156 est3

126 2179 235 2240 Vioori
246 2200 350 2240 merces
360 2178 453 2237 danda
465 2178 572 2258 galerus
585 2194 653 2237 erat.

87 2271 268 2351 Torquentur
279 2273 358 2330 vario
370 2272 432 2331 tetri
442 2271 592 2330 smuamine
603 2271 706 2341 vultus,

126 2363 269 2442 Foedaque
281 2365 399 2425 diduren
411 2365 523 2425 rioribus
539 2382 588 2422 ora
598 2378 704 2443 parent

87 2457 185 2518 Exitus
198 2459 228 2515 in
240 2457 327 2516 dubio
338 2460 391 2525 ell;
412 2457 496 2516 nescit
508 2457 597 2533 plebs,
616 2457 702 2516 nescit
712 2458 819 2529 Alexis,

126 2549 182 2608 Cui
194 2546 285 2604 faveat
292 2573 302 2614 ;
321 2550 413 2625 placet
424 2553 471 2609 hic
482 2552 584 2619 vultus,
604 2564 632 2609 et
644 2551 691 2609 ille
704 2552 805 2629 placet.

86 2641 170 2701 Forte
182 2638 262 2697 senex
274 2638 369 2700 aderat
380 2643 470 2702 nostri
481 2643 552 2702 bene
568 2659 650 2702 notus
661 2646 692 2703 in
701 2645 780 2715 aede;

124 2731 204 2814 Qrid
215 2733 316 2810 poterit
328 2755 391 2795 meu
402 2736 488 2807 frons,
508 2738 692 2815 experiamur,
712 2741 760 2798 ait.

87 2823 146 2884 Hic
157 2827 228 2885 nihil
240 2838 298 2885 arte
309 2828 400 2898 vulet3
420 2830 499 2891 semul
512 2850 546 2889 ac
556 2829 602 2888 sua
615 2832 730 2908 protulit
742 2849 802 2905 ore,

125 2915 256 2977 Consessu
277 2929 338 2978 toto
356 2919 462 2997 judice,
480 2921 568 2981 vislor
592 2920 661 2981 abit.
