2002 3674
171 143 743 231 QUADRAGESIMALIA.
843 173 888 240 49

60 256 120 318 Mille
129 259 195 337 jacet
212 261 325 321 tandem
345 263 465 341 repetitis
486 260 585 323 islibus
606 263 700 333 hostis,

88 351 188 434 litaque
205 376 270 415 cum
291 356 397 436 'gemitu
419 376 476 416 non
493 357 651 418 revocanda
663 356 745 437 sugit.

63 441 94 500 lrt
106 446 176 517 cudit,
194 448 265 507 subit
277 448 341 507 inde
353 447 443 506 dolor.
482 449 557 526 Jam,
577 449 712 525 nympha,
731 447 820 510 sodali

89 535 164 614 Qum
177 539 261 601 velles
279 540 385 600 animas
401 538 460 601 sata
481 539 581 599 dedisse
602 543 720 600 noveml

64 772 108 851 Au
123 772 242 880 Setfits
256 770 418 852 laedatur
430 769 477 849 ab
492 769 636 875 Objerto
650 770 759 852 nimis
775 773 892 855 excel-

262 886 264 891 ’
330 880 453 962 senti?
493 880 597 963 Aff‘.

107 1071 162 1132 UA
181 1072 200 1108 ⁸
213 1070 310 1128 sanum
324 1069 465 1148 augustum
477 1067 588 1128 sublimi
599 1071 703 1130 vertice
715 1070 809 1154 surgit,

143 1169 179 1226 Et
193 1167 249 1225 fido
269 1184 365 1243 regum
384 1166 507 1243 contegit
518 1165 574 1224 offa
586 1166 666 1236 finu;

10 1278 13 1309 ι
60 1250 100 1317 Hic
115 1259 253 1320 Busbeiani
273 1258 353 1316 Pario
373 1257 408 1316 de
430 1277 568 1317 marmore
580 1261 674 1318 vultus

84 1352 193 1431 spirant,
211 1351 351 1410 Phidiacae
373 1349 463 1428 gloria
480 1351 572 1427 prima
591 1353 702 1410 manius.

57 1439 116 1506 Forte
126 1447 222 1525 hospes
233 1445 310 1504 sacra
320 1445 382 1503 haec
393 1444 507 1504 lustrans
520 1461 711 1517 monumenta,
722 1449 881 1530 magistrum

10 1524 20 1627 Ῑ
82 1537 116 1598 Ut
125 1542 210 1610 videt,
230 1539 360 1596 attonitus
373 1539 432 1608 stat,
451 1553 618 1617 revocatque
631 1541 759 1620 gradum.

10 1634 13 1665 ³
57 1627 176 1696 Horrescit
187 1634 289 1694 faciem
300 1632 347 1690 vel
360 1632 451 1691 adhuc
462 1635 491 1690 in
505 1649 592 1692 morte
606 1637 754 1706 minacem,

10 1716 12 1749 ⁵
82 1728 234 1809 Iratamque
246 1726 369 1794 oculum,
390 1725 596 1803 terribilemque
609 1747 734 1785 manum.

56 1814 161 1883 lusbeius
182 1817 288 1900 quantu
298 1838 414 1895 puerum
427 1817 574 1876 formidine
587 1819 666 1878 vivus

81 1915 239 1985 Perculerat,
257 1911 321 1971 fluo
334 1911 383 1990 qui
404 1909 494 1989 quatit
514 1928 562 1970 otc
579 1908 687 1972 seneml

80 2165 141 2242 An
157 2158 320 2270 AEiquid
332 2176 426 2265 agat
445 2159 486 2236 in
506 2161 699 2268 Seipsum?
738 2163 858 2270 Neg‘.

56 2348 152 2470 CUI
170 2349 292 2409 tulerant
310 2346 420 2426 ingrata
432 2364 534 2404 novem
547 2344 654 2403 fastidia
671 2348 786 2418 menses,

130 2446 196 2522 Jam
215 2443 309 2522 partius
330 2440 410 2500 sentit
429 2439 536 2516 Phyllis
557 2439 645 2498 adesse
657 2441 743 2500 diem.

52 2529 145 2596 Vicinae
167 2537 284 2596 veniunt
302 2548 413 2604 matres,
436 2531 618 2613 miseransque
638 2536 762 2615 puellam

79 2631 210 2691 officiosa
228 2631 304 2690 suam
317 2630 415 2688 Lesbia
434 2629 539 2708 praebet
555 2650 648 2709 opem.

51 2718 164 2787 Protinus
178 2726 215 2784 ad
227 2725 334 2804 superae
354 2725 445 2804 proles
465 2725 590 2782 educitur
602 2745 693 2793 auras,

79 2819 193 2887 Viscera
212 2837 264 2876 uec
286 2817 368 2875 saevus
388 2829 508 2895 torquet,
529 2829 559 2874 ut
571 2829 644 2882 ante,
663 2816 754 2874 dolor.

51 2905 137 2970 Lesbia
149 2909 265 2968 Lucinae
284 2907 364 2966 sentit
376 2925 443 2964 mox
461 2905 521 2984 ipsa
532 2905 651 2970 labores,

81 3003 170 3085 Inque
187 3002 262 3060 vices
282 2999 411 3059 miseram
432 2998 538 3076 Phyllis
561 2999 651 3060 amica
671 2994 755 3055 levat.

200 3128 219 3164 ⁸
240 3126 404 3203 mumma
421 3120 503 3200 Athy.

449 3230 474 3287 rc
