2002 3674
106 188 154 249 ῳ
368 160 708 232 CARMINA

106 277 174 346 Hic,
195 277 347 357 contingat,
359 279 416 362 tait,
435 278 541 355 Phyllis
554 279 634 350 mihi,
653 298 755 359 magne
767 282 882 361 Cupido
893 308 905 352 3

143 369 206 438 Ille,
225 370 295 428 mihi
316 369 441 447 pulcram
460 370 506 440 da,
525 368 622 428 Venus
635 373 719 441 alma,
740 372 846 432 Cloc'n.

107 466 146 521 At
160 482 217 520 non
229 464 303 521 alma
315 464 421 533 Venus,
433 464 550 522 Veneris
563 483 619 522 non
633 463 715 534 filius,
735 487 834 527 urnam
867 482 870 488 '

146 553 269 613 Fortuna
286 552 391 622 incerti
413 553 508 634 dirigit
529 572 585 612 una
606 573 701 612 manu.

163 853 229 930 Aa
248 849 331 930 Aer
349 848 495 956 soniste
514 847 756 930 Vehiculum?
800 851 899 935 Aff'.

194 1033 264 1093 UM
283 1034 338 1093 ciet
350 1047 463 1094 eternae
476 1034 577 1111 conjux
598 1035 747 1114 asperrima
758 1039 841 1108 rixas,

229 1129 266 1188 Et
277 1149 333 1208 pax
344 1130 421 1189 nulla
432 1132 509 1190 domi
522 1132 568 1204 est,
588 1133 646 1189 otia
659 1133 736 1191 nulla
753 1131 820 1193 foris
833 1158 843 1202 ;

109 1227 179 1284 Nou
202 1224 254 1283 sert
275 1222 423 1301 indignans
446 1223 541 1293 sartor,
558 1223 607 1283 sed
629 1224 696 1282 fune
708 1225 826 1305 ligatam

147 1316 254 1395 Mergit
274 1315 368 1375 vicino
391 1330 487 1395 terque
510 1313 661 1396 quaterque
682 1317 756 1375 lacu.

79 1451 82 1458 ‹
108 1409 165 1471 Illa
185 1407 326 1486 superfusis
348 1407 443 1467 frustra
463 1408 612 1468 bacchatur
634 1411 663 1467 iu
685 1408 776 1479 undis,

149 1501 255 1563 Frustra
275 1500 429 1577 complosas
451 1503 543 1562 vibrat
566 1504 668 1560 anhela
686 1521 795 1560 manue.

110 1599 165 1657 Cui
183 1598 287 1663 sarton
307 1594 369 1654 satis
388 1597 436 1665 cst,
455 1596 566 1672 conjux,
586 1597 679 1655 absiste
690 1597 815 1664 moverit

148 1692 226 1769 Quas
237 1688 312 1766 prius
324 1708 391 1748 aura
402 1689 475 1760 tulit,
494 1690 659 1768 comprimet
668 1689 744 1749 unda
754 1689 856 1748 minae.

239 1978 305 2054 An
334 1971 442 2054 detur
470 1977 667 2056 Vacuum?
719 1977 840 2086 Neg¹.
934 1963 936 1967 ¹

115 2162 291 2286 CHirurgi‚
310 2162 445 2221 humanos
467 2158 534 2220 sueti
552 2159 693 2220 scrutarier
713 2175 797 2233 artur,

204 2257 365 2315 Ridiculum
384 2258 402 2294 *⁸*
416 2257 509 2329 Cottae,
529 2255 597 2314 dum
610 2255 717 2316 secuere
730 2269 838 2334 capure

110 2350 229 2408 Cernere
241 2364 299 2408 erat
311 2351 420 2409 latebris
433 2363 545 2408 tenuem
558 2349 729 2407 concrescere
746 2350 875 2428 fungum,

149 2443 207 2521 Qi
225 2442 317 2500 fimitis
341 2442 463 2508 cerebro,
483 2460 534 2508 mec
547 2455 641 2497 tamen
655 2441 724 2499 illud
736 2454 804 2500 erat.

110 2538 170 2598 Hic
186 2539 261 2614 jacet
272 2540 400 2617 ingestus,
420 2557 504 2616 quem
526 2536 611 2594 mittit
623 2537 724 2604 Iberia,
742 2537 856 2614 pulvis,

149 2632 213 2692 Illic
236 2632 377 2692 difficilem
397 2633 520 2690 carmina
542 2631 635 2708 questa
652 2632 773 2688 Chlo'e'n.

111 2724 172 2784 Has
194 2725 280 2804 longo
304 2724 427 2783 anfraslu
450 2719 557 2780 servant
576 2722 695 2800 perjuria
718 2720 804 2789 sedes,

132 2814 187 2875 'Et
208 2818 279 2876 siclae
299 2818 438 2894 lacrymae,
460 2814 637 2892 sollicitaeque
659 2833 762 2891 preces.

110 2909 198 2970 Haud
212 2914 282 2970 ultra
294 2912 401 2981 statuas,
421 2911 549 2988 Epicure,
569 2910 598 2966 in
616 2908 695 2967 rebus
708 2907 806 2976 Inane,

150 3003 180 3061 Si
198 3005 291 3083 lepido
311 3005 401 3062 Cottae
420 3020 476 3059 non
496 3002 528 3059 sit
546 3002 628 3060 inane
647 3012 738 3080 caput.

303 3160 321 3197 ⁶
339 3134 478 3234 &etiarm
518 3155 579 3214 ΝΟ.
601 3172 668 3235 275.
