2002 3674
112 153 155 217 η
372 128 713 201 CARMINA

111 424 176 503 An
212 417 412 526 Qantitas
447 419 522 592 stt?
539 420 730 610 diffidis
766 427 808 505 in
846 429 978 538 1)ψηί-

417 547 511 608 tum.
666 597 675 614 .

113 715 242 844 CUM
259 729 336 775 tanto
349 716 427 774 vobis
440 717 543 774 constet
554 715 605 775 bos
617 719 723 799 integer
736 742 814 795 auro,

229 812 303 870 Scire
315 811 410 879 velim,
428 809 506 876 lanii,
524 811 641 887 profluat
654 817 725 873 unde
737 816 855 877 lucrum.

106 905 184 964 Exta
193 904 270 963 suum
282 914 429 981 apportant
440 903 568 979 pretium,
588 906 760 984 coriumque,
782 926 936 993 caputque,

146 1001 270 1076 Binaque
283 1018 347 1074 quae
359 995 446 1070 crispa
457 1014 561 1052 cornua
572 997 661 1055 fronte
674 1002 787 1060 micant.

107 1094 241 1151 Praeterea
251 1092 335 1149 variae
348 1088 461 1147 fiuntdc
475 1107 589 1165 corpore
601 1105 691 1166 partes
698 1118 707 1159 3

146 1186 252 1264 Terga,
271 1185 389 1251 humeri,
407 1182 506 1249 lumbi,
525 1185 645 1258 pectora,
666 1206 755 1255 crura,
777 1191 874 1266 pedes.

108 1279 198 1356 Inque
211 1280 269 1338 suas
282 1278 347 1336 hinc
359 1275 506 1353 particulas
519 1295 581 1351 pars
595 1275 700 1355 singula
713 1281 827 1359 migrat;

147 1372 225 1432 Hinc
237 1372 285 1431 sua
297 1371 410 1450 prandia
419 1369 488 1436 dux,
507 1369 573 1427 hinc
589 1369 635 1427 sua
647 1373 725 1429 miles
739 1374 833 1434 habet.

107 1467 196 1536 Hinc,
214 1466 292 1524 oboli
306 1465 433 1542 pretium,
453 1463 522 1520 mihi
535 1463 620 1521 fertur
630 1467 755 1523 coenula:
776 1471 865 1531 noster

148 1559 207 1620 Hei
219 1558 303 1618 mihi!
323 1555 470 1635 particulas
484 1556 590 1616 dividet
601 1557 685 1636 usque
697 1579 811 1640 coquus.

108 1810 174 1892 An
192 1807 380 1887 Elementa
386 1803 465 1911 fint
477 1807 623 1908 gravia
641 1823 676 1885 et
694 1805 824 1891 levia?
863 1815 971 1900 Afffi

1 2053 3 2059 ,
107 1992 168 2119 SI
186 1989 288 2070 pluviae
310 2003 435 2051 metuens
453 1989 670 2067 tempestatisque
689 1991 798 2065 futurae,

187 2087 262 2144 Scire
282 2085 350 2144 velis
370 2083 481 2163 qualern
503 2082 635 2159 spondeat
659 2103 725 2142 aura
747 2086 843 2158 diem3

107 2178 226 2239 Consule
246 2177 422 2255 spectandum
442 2176 514 2233 vitro
527 2178 662 2234 candente
675 2178 851 2253 Cylindrum‚

145 2271 204 2352 Qri
223 2270 304 2329 docet
321 2272 449 2339 alternas,
469 2290 538 2349 quas
551 2269 622 2328 subit
633 2272 692 2340 illa,
705 2274 789 2331 vices.

106 2371 216 2430 Incluso
234 2369 318 2427 micat
338 2380 463 2445 argento,
483 2367 558 2443 quod
578 2368 676 2423 leniter
696 2368 788 2424 actum

144 2467 218 2522 Abire
242 2482 291 2537 per
311 2462 410 2516 vitreas
432 2462 509 2536 itque
530 2459 654 2536 reditque
673 2460 743 2517 vias.

107 2560 161 2618 Seu
180 2553 292 2613 densata
313 2565 411 2628 parant
429 2550 592 2608 descendere
613 2553 719 2623 nubiia‚
742 2553 803 2614 fidit

144 2649 235 2710 Massa
254 2644 365 2725 sequax,
390 2645 475 2722 pluvii
495 2646 591 2702 nuntia
614 2647 709 2705 moesta
721 2649 808 2724 Jovis.

106 2748 160 2806 Seu
180 2744 298 2822 fugiant,
320 2741 392 2818 fugit
408 2740 456 2797 illa
476 2739 559 2816 prior,
582 2741 736 2816 praenuntia
756 2740 818 2801 sudi

144 2841 263 2908 Emicat,
282 2852 310 2896 et
331 2839 467 2896 summum
487 2837 561 2896 mole
583 2852 699 2915 gravata
719 2838 797 2913 petit.

105 2934 244 3011 Descripti
264 2933 403 3010 astrologis
423 2932 514 2988 valeat
532 2931 610 2990 labor
632 2931 720 2987 irritus
742 2929 818 2998 anni,

144 3031 181 3087 Et
203 3028 279 3105 quod
301 3026 423 3105 praesago
446 3026 481 3082 de
501 3027 571 3103 pede
592 3027 677 3104 garrit
698 3044 776 3082 anus.

103 3121 248 3185 Mercurio
269 3119 354 3176 didici
377 3118 518 3176 certiffima
535 3118 611 3196 figna
631 3117 769 3195 magistro,

142 3215 236 3292 Quem
254 3224 351 3293 gravat
368 3231 435 3270 aura
450 3210 528 3282 levis,
549 3229 632 3289 quern
645 3209 718 3269 levat
729 3229 796 3269 aura
808 3211 915 3289 gravis.
