2002 3674
191 160 834 292 Qunnnnousmnmn.
899 234 953 327 te

75 315 184 378 Vestini
197 317 291 378 scobrit
303 319 391 378 nolim
402 320 447 379 rel
459 335 569 382 mortua
583 321 667 385 lani:

117 410 264 469 Exanimis
275 408 356 489 paltt
363 411 524 470 verfieoiore
535 425 623 492 tegar.

72 501 158 563 Tum
168 516 254 582 eaput
264 519 378 563 exornet
385 504 476 566 subtili
487 507 601 565 stamine
610 507 726 583 limbut,

117 594 213 666 Quem
225 592 411 653 Brunelienses
423 594 586 675 implicuere
597 617 689 659 uurue.

73 685 115 746 Et
125 691 261 767 quoniam
271 702 350 766 turpe
361 689 398 747 est
407 689 494 768 ipsum
506 689 611 768 pellere
622 694 753 767 cadaver,

116 778 229 839 Dextra
240 793 289 840 tun
300 779 413 839 assumas
424 796 511 860 ponat
524 783 554 840 in
566 785 709 846 onerosae.

72 868 210 932 Narcissae
220 871 325 950 semper
335 886 454 950 eomptae
466 873 628 953 semperque
638 879 757 938 venustae

115 965 209 1024 Prima
219 963 283 1034 fuit,
301 963 384 1024 suerit
395 966 605 1047 curusuprema,
616 967 709 1032 decor.

75 1182 141 1261 An
179 1177 345 1288 Efficias
372 1181 543 1290 requirat
575 1187 759 1294 Agentem
781 1201 936 1296 proper.

259 1309 472 1388 tionatum?
511 1309 752 1392 Affirmatur.

142 1511 228 1572 Itteta
239 1509 296 1592 qud
306 1511 402 1570 nostrae
411 1509 540 1570 reddatur
550 1524 610 1572 tuta
624 1513 767 1585 Corinnae,

180 1603 277 1683 Inquit
289 1622 396 1674 amans,
416 1602 563 1680 aliiquam
575 1594 650 1672 tenet
661 1625 710 1666 ora
722 1606 818 1688 plagi,

70 1697 129 1767 Tu,
148 1699 279 1767 volucris,
298 1697 417 1766 tabulas,
436 1709 465 1754 et
476 1696 552 1754 mille
564 1711 594 1756 et
605 1698 682 1758 rnilie
693 1698 797 1760 salutet

108 1791 224 1852 Absenti
237 1790 357 1850 dominae
368 1789 424 1850 fida
433 1789 555 1850 ministra
566 1790 646 1851 seres.

65 1887 145 1948 lilius
158 1887 187 1945 in
199 1887 333 1967 gremium
346 1904 486 1964 properes,
494 1874 497 1880 ⁴
505 1900 534 1944 et
544 1898 664 1965 praepete
675 1886 770 1966 penui

106 1981 270 2060 Suspensum
282 1979 298 2038 i
308 1982 381 2040 collo
394 2001 491 2040 munus
505 1984 621 2042 amantis
633 2002 709 2064 agar.

63 2075 111 2134 Sic
121 2095 177 2134 non
188 2075 280 2134 infidis
289 2088 433 2152 rumpatur
444 2094 507 2133 cera
518 2075 656 2143 ministris,

103 2169 139 2227 Et
150 2180 244 2227 careat
253 2165 345 2245 vigilie
358 2166 509 2244 suspicione
521 2188 615 2227 nurus.

63 2263 180 2326 Hencce
192 2261 280 2319 libens
293 2277 407 2336 operam
420 2257 518 2318 misero
527 2259 665 2336 praesiabis
675 2263 789 2333 amanti,

100 2357 200 2417 idalia
211 2355 312 2415 meriti
322 2355 397 2414 sacra
410 2354 551 2414 Columba
562 2356 641 2416 Deae.

76 2594 143 2673 An
153 2589 248 2670 'Vita
259 2590 414 2700 corssstat
426 2591 467 2671 in
479 2592 636 2674 Calore?
665 2593 902 2708 Affirmatut.

118 2793 223 2852 Arvuia
235 2795 378 2874 progenies
389 2797 468 2856 Veris
478 2795 668 2875 Zephyrique,
688 2795 804 2866 Cicada,

155 2891 249 2974 Qim
261 2906 288 2950 te
300 2893 420 2952 Phoebus
434 2895 524 2952 amati
546 2890 631 2973 quim
642 2889 719 2950 favet
731 2893 898 2959 almaCeter
911 2897 918 2955 i

61 2985 176 3042 idaturae
188 2983 265 3044 varii
277 2984 371 3044 frueris
384 2985 529 3045 dulcedine
542 2985 638 3053 medie,

90 3076 171 3138 Dum
182 3075 287 3158 praebet
298 3091 422 3140 tenerum
434 3076 542 3158 cespitis
551 3077 640 3140 herba
650 3089 751 3138 tutum.

824 3249 918 3309 Omne
