2002 3674
88 214 127 278 28
342 214 682 286 CARMINA

86 327 124 384 Et
132 327 192 402 jam
204 329 273 389 dura
284 332 375 410 procis
387 334 512 394 incautos
525 334 608 413 spirat
620 355 740 407 amores,

125 421 164 483 Et
175 421 271 481 seusun
283 425 363 483 molli
375 427 495 505 carpitur
505 429 571 507 igne
584 429 687 488 Chloe'.

87 516 151 590 Jam
163 516 277 576 choreas
288 519 426 580 celebrare
435 522 523 599 juvat,
543 524 694 602 paffimque
705 544 755 603 per
767 543 830 583 arva

127 606 231 666 Mollia
241 609 276 667 ad
287 628 401 689 argutos
415 614 541 672 membra
552 634 666 672 movere
678 617 786 675 modos.

88 699 221 779 Concipit
231 704 281 760 hos
294 723 384 767 motus
398 727 460 785 quae
468 708 596 784 nympha
608 708 810 768 Decembribus
819 710 898 768 horis?

127 792 164 850 Et
176 815 238 872 quae
250 814 307 854 noo
316 813 416 870 tecum,
436 800 527 869 Maia,
545 800 654 860 calente
662 802 756 860 calet?

159 1053 225 1127 Aa
243 1047 350 1127 detur
366 1049 576 1169 dvmpathia
596 1049 615 1128 i
647 1051 873 1133 Affirmatut.

143 1249 211 1308 AM
231 1254 364 1310 moritura
376 1251 456 1330 super
464 1250 593 1312 miserum
607 1252 626 1289 ³
639 1253 767 1313 Panthea
778 1253 889 1314 maritum

171 1348 294 1426 Ingemit
302 1349 379 1406 :-0
390 1349 479 1426 major
489 1370 563 1430 para,
581 1351 738 1428 meliorque
751 1351 805 1410 mei
816 1353 823 1408 l

89 1444 172 1500 Anne
183 1442 266 1520 igitur
278 1462 352 1501 mors
361 1443 485 1514 divellet,
503 1463 573 1524 quos
585 1463 641 1501 una
650 1445 781 1503 voluntas

130 1536 275 1603 Vinxerat,
295 1551 323 1595 et
335 1551 409 1596 certo
422 1537 526 1596 foedere
535 1537 644 1614 junclus
658 1557 738 1597 amor
749 1541 760 1596 i

90 1629 139 1688 Tu
152 1642 228 1687 mota
238 1629 274 1687 ad
286 1649 414 1688 numeros
425 1629 559 1689 laudabas
570 1630 697 1689 membra
708 1629 843 1690 decoros?

129 1725 207 1781 Turn
218 1723 294 1782 volni
305 1724 411 1782 choreis
423 1722 584 1800 implicuisse
594 1742 718 1781 manum.

92 1814 227 1874 Carmina
237 1816 315 1896 siqua
326 1831 401 1879 tuam
413 1830 534 1874 mentem
544 1815 668 1892 tetigere,
684 1815 803 1891 juvabat

131 1909 237 1969 Pollice
244 1911 371 1970 vocalem
380 1909 525 1968 sollicitare
534 1908 632 1986 lyram.

90 2003 168 2080 Ripa
180 2003 308 2063 umbrosa
318 2004 379 2072 tibi,
400 2004 559 2084 gelidusque
570 2000 838 2081 placebatAraxctl

132 2097 168 2154 Et
181 2098 251 2156 mihi
264 2097 391 2158 festinans
404 2097 485 2156 dulce
495 2096 609 2156 sonabat
620 2115 702 2174 aqua.

94 2190 149 2248 Seu
163 2187 247 2250 libuit
255 2191 375 2270 rigidum
386 2189 499 2249 canibus
510 2190 621 2248 lustrare
632 2187 800 2266 Niphatem,

133 2285 238 2361 Optavi
249 2297 357 2343 teneros
369 2304 418 2362 per
426 2282 496 2362 juga
505 2283 575 2343 ferre
587 2281 689 2361 pedes:

94 2381 198 2458 Optavi
211 2380 305 2438 densas
318 2379 449 2459 indagine
462 2379 572 2457 cingere
584 2375 685 2454 sylvas,
712 2449 716 2456 Α

133 2473 267 2550 Duraque
276 2471 387 2529 lanifici
398 2470 531 2548 prendere
544 2468 600 2526 tela
611 2485 707 2524 mauu.

94 2561 162 2622 Huc
169 2563 253 2621 etiam
265 2560 328 2618 fatis
339 2560 439 2637 gressus
447 2558 599 2617 comitabar
609 2555 723 2634 iniquis,

133 2663 197 2722 Nec
210 2681 255 2719 me
266 2656 409 2738 pertaesum
422 2657 459 2714 est
468 2656 581 2716 horrida
592 2654 677 2714 castra
689 2652 778 2732 sequi.

96 2759 137 2815 At
147 2773 219 2814 nunc
231 2753 347 2813 crudelis
361 2764 491 2826 ceperunt
504 2748 588 2808 taedia
599 2747 674 2811 vitae,

135 2851 221 2909 Nunc
233 2862 261 2908 et
273 2866 366 2908 amara
377 2843 445 2903 mihi
457 2862 523 2914 nox,
543 2855 571 2903 et
583 2857 678 2900 amara
687 2836 758 2898 dies.

346 3051 368 3086 ¹*
384 3045 549 3124 Xenophontis
557 3043 714 3122 qrropaedr‘a.

851 3174 930 3250 Audiv'
