2002 3674
104 226 159 293 50·
360 204 389 271 C
411 207 441 271 A
464 205 494 269 R
516 204 557 270 M
579 205 648 270 IN
670 207 700 270 Α

79 322 418 405 afficspecusuorrifera
442 321 586 402 hiclongo
597 320 850 383 teuebmlameess'u

140 422 219 479 Atria
229 416 350 477 terrificis
361 415 521 494 ingemuere
531 415 612 474 souis.

99 517 152 575 Me
163 528 255 572 tamen
266 510 320 569 urit
329 526 417 578 amor,
436 508 596 586 penitusque
606 507 655 567 sub
665 507 763 569 ollibus
772 509 867 591 iugem

138 606 255 673 AEstuat,
273 617 301 661 et
312 602 385 660 viat
396 602 540 680 relligione
549 602 635 680 viget.

98 701 151 759 Me
162 712 209 756 tua
220 695 341 755 sollieitae
353 714 402 772 per
413 694 498 751 tristia
510 694 597 752 nollit
610 695 705 773 imago

136 792 214 860 Otia,
233 809 283 868 per
292 789 374 848 lentae
383 787 466 847 taedia
477 787 546 846 lucis
558 787 652 847 habet.

96 885 197 944 Saeviet
207 883 279 943 heul
302 879 864 962 quacunquetrahautdisctimiuavitam,
926 874 930 879 ’

135 978 238 1036 Saeviet
248 976 278 1033 in
291 976 380 1033 nostro
390 974 501 1052 pestere
513 987 602 1033 certus
611 990 700 1032 amor.

93 1187 551 1298 AnMotuscircularisſst
560 1186 927 1270 maxime'Naturalisl

158 1307 166 1321 ⁴
403 1317 641 1399 Affirmatur.

122 1505 268 1575 Nfantem,
289 1503 307 1539 ³
320 1503 416 1583 vagitu
426 1502 505 1582 inopi
516 1502 646 1562 latientia
658 1514 788 1564 aventem

160 1595 266 1665 Ubera,
285 1595 396 1654 nutricis
409 1594 513 1655 blanda
524 1597 637 1675 loquela
647 1596 734 1657 fovet.
832 1594 838 1605 “

88 1690 208 1769 Jamque
218 1688 339 1750 scholam
349 1689 380 1757 it,
391 1689 510 1768 gemitus
519 1689 589 1748 inter
596 1689 806 1774 lachrymasque
814 1690 930 1772 sequutae

128 1782 165 1839 Et
177 1782 339 1840 testudineus
352 1778 430 1838 ducit
442 1780 533 1840 eundo
545 1800 646 1840 moras.

87 1874 160 1933 Mox
172 1886 267 1931 cautus
279 1874 359 1931 iterat
370 1869 483 1930 miseros
496 1872 645 1931 uotlumus
658 1887 775 1947 amator,

128 1965 165 2020 Et
178 1964 299 2039 queritur
315 1961 399 2019 saevas
411 1962 528 2040 pervigil
541 1978 604 2021 ante
616 1964 699 2024 sores.
834 1956 838 1963 ⁴

86 2058 150 2135 Jam
163 2055 259 2133 plenos
272 2073 416 2113 numerans
426 2055 538 2113 maturis
551 2056 656 2117 viribus
666 2078 753 2120 annot

113 2149 255 2222 ,Destituit
265 2149 384 2227 patrium
400 2148 488 2206 laudis
503 2167 597 2210 amore
606 2151 721 2214 focum:

85 2241 180 2301 Castra
192 2259 286 2298 amens
298 2237 426 2316 sequitur,
445 2238 589 2318 vitreoque
603 2241 712 2303 inservit
722 2245 831 2318 honori,

126 2333 249 2392 Lethalis
261 2351 420 2411 quanquam
431 2331 559 2391 fulminet
571 2335 633 2393 ante*
643 2336 736 2399 tubus.

86 2428 164 2485 Tum
177 2427 247 2484 mira
259 2425 364 2487 accedit
376 2426 505 2503 gravitas,
523 2428 677 2505 ventrisque
688 2433 801 2493 rotundi

125 2518 264 2586 Tardum,
283 2518 381 2576 mollia
393 2536 476 2595 agens
489 2518 557 2587 otia,
575 2520 661 2597 pascit
671 2541 752 2584 onus.

87 2612 215 2672 Laudare
228 2610 355 2688 antiquos
366 2626 466 2679 morea,
484 2624 512 2668 et
525 2610 729 2690 fallajuveutae
800 2640 813 2655 1
927 2660 930 2665 -

124 2706 175 2763 Per
186 2704 261 2763 mille
274 2701 404 2782 ambages
416 2702 590 2764 dinumerare
597 2707 687 2782 juvat.
828 2692 831 2697 ¹

86 2796 156 2853 Inde
168 2798 219 2855 iter
230 2795 352 2854 occiduae
364 2814 477 2874 carpens
487 2795 596 2856 declive
608 2798 721 2861 senecta
754 2785 758 2792 ¹

125 2891 185 2946 Ora
195 2900 287 2947 movet
298 2888 419 2947 tremulis
433 2889 569 2948 emaciata
582 2890 662 2952 ionia
767 2884 772 2891 ’

86 2980 197 3038 Delirus
209 2981 322 3040 taudem
334 2994 362 3038 et
371 2978 461 3039 fatuus
472 3006 480 3049 3
501 3003 655 3064 gyrumque
666 2988 806 3053 reverfiim

126 3073 247 3143 Claudit,
267 3087 298 3132 ut
309 3075 419 3151 incepto
427 3074 530 3152 prodiit
538 3078 615 3149 orbe,
633 3099 711 3158 puer.

304 3229 322 3263 ¹*
341 3228 522 3309 thalespeare's
534 3232 571 3291 As
573 3255 625 3310 you
634 3234 684 3293 like
693 3240 727 3296 it.
