2002 3674
84 182 130 231 ao
342 151 691 224 CARMINA.

86 279 127 338 At
138 285 221 354 caput
234 272 380 352 attingens,
400 272 558 352 cerebrique
576 274 680 352 palatia
700 288 824 354 captans,

126 366 253 430 Praesenti
274 367 391 443 imperio
414 381 512 425 caetera
531 368 657 427 membra
680 372 759 449 regit.

84 465 175 534 Hinc,
194 462 259 521 cium
271 460 297 519 se
309 460 405 519 fidium
417 475 510 520 movet
523 461 557 520 ad
572 462 764 523 modulamina
777 463 857 534 Lais,

126 562 179 620 Per
200 571 289 616 tutum
312 555 392 614 fundi
415 575 514 634 corpus
539 558 611 616 anile
634 572 711 636 putes
723 584 735 627 ¹;

87 653 162 716 cum
183 667 277 712 tamen
299 650 428 710 iudefessi
447 652 536 709 effutit
552 652 646 732 jurgia
664 653 771 732 lingui,

127 749 197 809 Non
218 747 305 807 alium
323 745 417 804 credas
436 746 510 823 pede
529 759 621 807 tenere
639 748 742 806 locum.

145 999 211 1076 An
229 995 371 1077 Anima
381 993 437 1100 stt
467 1022 512 1116 ex
531 992 730 1074 Traduce?
774 996 892 1102 Neg'.

93 1181 225 1305 CUM
245 1201 326 1240 voces
345 1170 423 1240 sciret
435 1182 548 1241 Marcus
559 1179 619 1256 jam
630 1181 753 1252 reddere,
766 1182 816 1253 iili,

185 1276 265 1354 Saepe
286 1289 363 1354 pater
383 1275 463 1344 dixit,
486 1291 516 1335 tu
535 1276 605 1335 mihi
625 1277 717 1333 rhetor
729 1277 792 1335 eris.

88 1363 215 1425 Protinus
234 1367 351 1447 insignes
368 1366 476 1443 juvenis
500 1367 620 1426 defertur
640 1367 777 1436 Athenas,

129 1459 263 1518 Traditur
281 1473 310 1517 et
327 1479 409 1528 curae,
431 1459 511 1518 doiie
524 1459 666 1535 Cratippe,
690 1471 753 1516 tuae.

91 1549 261 1629 Saepepater
281 1553 364 1610 duras
387 1565 477 1628 partes
502 1551 560 1630 agit
582 1550 639 1627 ipse
663 1551 794 1630 magistri,

129 1643 318 1727 officiumque
335 1645 383 1721 pio
402 1644 514 1703 Tullius
538 1662 585 1701 ore
608 1643 697 1702 docet.

90 1733 143 1794 Nil
156 1756 240 1813 puero
253 1736 361 1814 prodest
373 1735 524 1796 facundum
537 1735 638 1795 audifl'e
650 1735 826 1814 Cratippum,

128 1829 181 1888 Nil
203 1841 342 1907 praecepta
361 1829 454 1888 valent
474 1826 520 1886 vel
539 1841 597 1896 tua,
616 1828 714 1886 Marce
727 1845 815 1905 pater.

89 1922 178 2003 Qin,
197 1922 296 1983 Cicero
317 1922 425 1991 infelix,
447 1939 521 1979 vano
540 1920 600 1996 jam
621 1939 703 1998 parce
721 1921 822 1993 labori,

129 2015 239 2074 Natura
261 2015 377 2092 inceptis
401 2014 489 2073 obstat
509 2013 605 2092 iniqua
626 2013 690 2071 tuis.

88 2107 222 2168 Poffideat
240 2127 334 2187 gazas,
359 2121 388 2165 et
408 2127 472 2165 rura
493 2119 607 2183 paterna
618 2130 628 2171 3
651 2118 795 2182 parentem

129 2199 294 2257 Luminibus
314 2196 413 2256 referat
432 2198 546 2255 Marcus
568 2210 596 2253 et
618 2214 664 2253 ore
686 2194 783 2262 suum3

88 2291 142 2355 Nil
155 2293 226 2352 ultra
238 2291 345 2370 sperare
357 2290 422 2348 licet
435 2310 442 2346 ι
462 2301 584 2347 mentem
601 2288 696 2347 indere
717 2301 783 2344 nato

126 2386 178 2447 Dii
197 2387 247 2447 soli
270 2399 408 2464 poterunt,
435 2402 521 2462 quam
539 2380 659 2441 tribuere
679 2380 761 2457 patri.

86 2633 155 2720 'An
173 2631 285 2740 Adiio
302 2649 338 2712 et
351 2628 556 2820 Pafflolppftr
569 2627 669 2709 inter
673 2629 720 2735 se
737 2625 904 2734 difflmilit

152 2932 275 2993 INNA
293 2931 459 3000 veternosus,
478 2928 577 2990 rabidi
589 2928 737 3009 Battusque
749 2925 875 3008 phrenesi

188 3028 304 3096 Efferus,
325 3029 356 3086 in
373 3026 447 3085 socio
464 3023 622 3083 discubuere
640 3038 711 3082 toro.

90 3117 178 3179 Infilit
198 3121 229 3179 in
249 3122 381 3179 comitem
400 3117 489 3176 subito
510 3117 582 3175 celer
602 3119 705 3193 impete
718 3114 824 3184 Battus,

55 3247 61 3255 ·
128 3214 323 3295 Ignavumque
341 3210 419 3270 dolat
438 3209 505 3268 fuste
528 3227 667 3286 manuque
688 3219 779 3285 caput.
