2002 3674
94 243 153 290 uz
347 223 689 294 CARMINA

113 397 169 465 An
193 391 297 462 Terra
316 392 403 461 circa
412 393 508 485 suum
526 396 627 464 Axem
643 396 829 472 volvatur?

88 539 289 664 NORurnis
302 537 428 597 madidus
441 539 549 616 cyathis
559 539 665 599 Silenus
677 541 713 599 ab
727 543 795 603 urbe

217 633 296 691 Dum
307 632 405 708 repetit
417 631 547 701 titubans,
566 631 622 690 sole
634 633 750 704 oriente,
770 637 831 698 dom

87 727 196 786 Obvius
210 723 321 782 adverso
335 743 408 781 nunc
420 722 510 781 tundit
521 724 625 801 parjete
637 725 768 799 frontem,

126 824 234 898 Impete
248 819 316 876 etin
329 818 417 895 postes
431 836 504 874 nunc
516 819 570 875 ruit
583 818 629 876 ille
641 822 712 897 pari.

88 917 142 975 Sed
155 933 222 974 mox
237 914 341 971 incerto
353 910 421 969 dum
434 910 487 968 fert
498 910 611 990 vestigia
622 912 721 990 gressu,

125 1007 257 1066 Tandem
268 1002 426 1082 procumbit
436 1003 620 1081 praecipitatus
633 1007 723 1065 humi.

86 1104 181 1162 Heus!
203 1103 251 1167 ait,
268 1098 429 1175 Astrologus
442 1097 548 1157 mundo
559 1100 649 1159 statuit
662 1099 733 1159 bene
745 1114 832 1163 motui

123 1197 200 1254 Tam
212 1190 284 1253 celer
296 1191 362 1248 huic
374 1205 476 1262 motus,
495 1211 553 1250 non
563 1193 633 1252 mihi
643 1194 711 1253 stare
724 1194 814 1257 datur.

85 1362 135 1428 Au
150 1355 341 1446 Quicquidstt
356 1356 387 1418 in
401 1355 544 1420 Intelleliu
555 1358 642 1423 intret
652 1373 704 1443 per
719 1360 830 1448 Sensum

85 1480 240 1606 MEntis
253 1477 337 1536 hebes
350 1477 444 1553 patriis
456 1479 475 1514 ¹*
486 1478 599 1554 Cymon
612 1480 721 1539 errabat
733 1481 762 1540 in
775 1483 831 1562 agri

220 1570 302 1629 Fidus
315 1583 454 1628 aratomni
472 1570 676 1649 ruricohimque
690 1592 793 1633 comes.

87 1669 174 1728 Sibila
192 1665 329 1725 fundebat
346 1664 487 1721 contraho
506 1665 617 1724 nubilus
638 1685 696 1736 ore,

126 1765 223 1841 Atque
234 1760 293 1818 ibat
303 1757 433 1815 baculum
446 1778 496 1834 per
506 1757 569 1816 loca
581 1757 639 1817 sola
652 1779 760 1839 gerens.

86 1863 108 1919 F
110 1859 168 1920 orte*
179 1875 276 1917 nemus
290 1852 371 1912 subiit
381 1853 477 1930 myrtis
490 1867 573 1932 atque
583 1853 645 1912 ilice
659 1855 782 1933 nigrum,

125 1952 318 2028 Irriguumque
330 1945 405 2003 sacro
417 1944 493 2002 fonte
505 1946 630 2024 perennis
644 1965 735 2022 aquae.

87 2047 146 2105 Hic
159 2044 233 2102 nudo
246 2040 369 2119 placidos
382 2053 539 2117 carpentem
552 2039 661 2117 peiiorc
672 2039 782 2102 somnoa

125 2139 181 2204 Te,
200 2135 295 2205 sormi,
306 2136 432 2212 praestans
446 2133 602 2212 Iphigenia,
620 2134 706 2193 videt.

88 2233 129 2292 Ut
141 2231 219 2297 vidit,
240 2244 299 2287 toto
312 2228 453 2286 insolitum
466 2226 607 2286 subcorde
620 2229 742 2288 calorem

127 2327 236 2395 Haufit,
255 2339 282 2382 et
293 2321 412 2400 expanso
423 2323 541 2383 constitit
552 2341 598 2381 ore
610 2322 697 2381 filens.

87 2422 164 2479 Tum
178 2420 298 2497 primiim
311 2417 398 2484 senfit,
418 2418 531 2492 cupiens
545 2415 606 2483 tibi,
626 2417 715 2495 virg0,
736 2417 832 2495 phacen

127 2515 252 2593 Agrestes
262 2527 352 2570 motus
372 2524 399 2568 et
409 2509 477 2567 rude
488 2512 583 2587 peiius
596 2531 700 2569 amans.

87 2608 164 2686 Ergo
185 2619 257 2664 artus
278 2603 365 2661 nitido
385 2602 467 2660 duros
488 2603 617 2682 effingere
636 2607 713 2664 cultu

125 2700 237 2777 Incipit,
256 2710 284 2756 et
296 2714 385 2754 mores
398 2712 454 2752 non
464 2694 526 2753 sinit
537 2696 589 2755 effe
603 2696 685 2756 feros.

87 2793 157 2854 Non
169 2793 218 2851 illo
232 2789 328 2850 meiihs
342 2787 486 2868 quisquam
500 2808 625 2848 exercere
635 2790 759 2861 choreas,
817 2849 824 2857 ,

127 2889 221 2945 Orave
234 2885 360 2943 laihands
373 2882 480 2942 flenere
494 2883 572 2942 novit
583 2884 658 2963 equi.

89 2981 166 3059 Qas
180 2993 249 3036 artes
263 2997 318 3036 non
331 2976 413 3054 patrie
424 2996 512 3047 amor,
531 2998 587 3037 non
600 2997 665 3037 cura
677 2975 819 3055 magistri,¹

127 3069 195 3130 Visa
219 3069 299 3131 semel
323 3070 443 3138 cuniias,
469 3070 625 3150 Iphigenia,
651 3069 746 3130 doces.

167 3224 630 3303 'Dryden'sqrnonmtd'lpbigenim

392 3379 418 3437 F
450 3379 471 3438 I
503 3377 534 3442 N
569 3379 590 3437 Ι
622 3378 654 3437 S.
