2002 3674
91 128 134 194 n
348 96 689 191 CARMINA

88 433 154 531 An
168 427 349 508 Somnium
353 426 411 534 stt
427 426 585 534 Affibiio
598 429 798 536 Smfhum?
847 435 936 516 Aff‘

90 616 188 753 DU
196 616 231 674 M
251 614 385 676 Clarinda
393 615 468 692 jacet
479 614 590 693 placido
602 616 711 676 <sevitia
723 616 831 698 sopore,

210 722 266 793 Te,
286 720 381 790 Cotta,
400 733 464 778 ante
474 717 568 796 oculos
580 718 644 778 sistit
653 722 744 780 amica
753 723 843 802 quiea.

84 815 246 876 Noiiurnas
259 831 351 875 tecum
362 815 435 877 fallit
446 815 615 875 sermonibus
628 815 724 887 horas,

127 910 294 990 Atridetque
306 911 369 978 tuis,
388 921 417 968 te
427 909 566 977 reticente,
582 905 663 983 jocis.

88 1001 200 1061 Deinde
208 1003 283 1060 leves
294 1002 417 1070 choreas,
436 1001 563 1060 manibus
575 1020 625 1078 per
636 1013 732 1059 mutua
743 1002 840 1073 nexis,

98 1120 101 1126 ¹
127 1095 224 1164 Ducit,
244 1096 311 1153 etin
322 1114 466 1153 numerum
478 1094 603 1153 membra
615 1094 716 1153 decora
725 1111 828 1154 movet.

88 1189 192 1248 Suavia
203 1207 278 1246 nunc
290 1188 401 1247 niveum
414 1179 559 1266 detorquet
571 1188 607 1246 ad
619 1188 713 1248 oscula
726 1190 839 1260 collum,

21 1325 24 1330 -
115 1285 229 1359 ,Manat
242 1295 270 1340 et
281 1281 310 1339 in
324 1279 424 1340 somnis
438 1280 560 1340 conscius
574 1301 621 1340 ore
639 1283 733 1341 rubor.

88 1378 177 1461 Audit
188 1376 265 1437 serve
273 1375 362 1434 Thais
375 1377 510 1455 surgentis
522 1397 604 1438 mane
616 1377 715 1456 puellae

126 1471 251 1539 Somnia,
269 1481 298 1526 et
310 1481 414 1528 attento
425 1483 517 1528 narrat
529 1472 619 1528 amica
630 1491 726 1549 proco.

87 1565 163 1624 Pone
175 1576 290 1631 metum,
310 1563 405 1634 Cotta,
423 1578 452 1623 et
462 1578 542 1642 parto
555 1564 647 1624 laetare
659 1566 820 1647 triumpho;

126 1657 253 1718 Proditur
263 1657 371 1717 indiciis
385 1659 428 1718 bis
441 1661 514 1719 maie
526 1661 611 1719 tetius
624 1678 711 1719 amor.

88 1753 229 1834 Qae'fieri
240 1752 292 1812 tibi
304 1753 401 1830 sponsa
413 1757 488 1835 cupit
502 1755 550 1813 sub
563 1756 685 1834 imagine
696 1753 797 1824 somni,
879 1785 881 1788 >

127 1846 165 1907 Et
177 1844 295 1926 vigilans
307 1844 434 1925 sponsam
446 1848 472 1907 se
481 1837 561 1926 cupit
572 1846 624 1906 esse
636 1860 722 1905 tuam.

134 2115 200 2196 An
219 2115 311 2197 Vita
338 2115 493 2226 coafistot
520 2115 560 2194 in
581 2113 733 2196 Calore?
792 2111 890 2196 Aff‘.

89 2303 235 2426 DEficit
258 2306 379 2384 exangui
388 2303 487 2363 mulier
495 2303 563 2363 dum
572 2322 696 2383 corpore,
716 2302 792 2382 cogit

211 2395 344 2474 Undique
356 2395 461 2454 vicinas
472 2410 567 2452 rumor
577 2395 691 2452 acerbus
704 2413 781 2451 auus.
901 2435 905 2441 .

87 2486 210 2545 Naribus
220 2488 280 2546 haec
289 2500 372 2544 tertos
384 2486 496 2563 inspirat
505 2486 599 2545 sedula
608 2487 717 2556 odores,
745 2536 748 2543 .

126 2579 200 2636 Haec
212 2577 305 2656 gelida
314 2579 405 2636 vultus
419 2597 522 2656 oraque
531 2577 635 2658 spargit
647 2578 731 2658 aqui.

76 2669 127 2728 'At
138 2667 213 2727 bona
222 2670 387 2747 compotrix,
406 2669 501 2728 docuit
513 2689 597 2747 quam
610 2671 743 2748 plurimus
756 2668 830 2738 usur,

127 2765 245 2826 Creditis
257 2764 300 2824 his
313 2766 416 2844 'aegram
427 2762 501 2841 posse
509 2762 602 2848 vaiere
614 2762 723 2822 modis?

87 2858 200 2918 Artibus
210 2859 285 2919 haud
297 2880 366 2939 opus
378 2861 421 2919 his
428 2883 437 2927 3
457 2859 536 2917 detur
548 2857 702 2938 generosror
711 2856 833 2922 haustutt

125 2953 223 3015 Sobria
234 2956 310 3034 quod
322 2974 380 3018 non
391 2953 441 3016 dat
451 2953 580 3034 lympha,
599 2952 718 3015 Genera
729 2950 816 3010 dabit.
