2002 3674
84 212 128 291 3²
337 176 684 250 CARMINA„

86 477 150 569 An
161 472 325 554 Natura
343 464 486 576 aliquid
499 468 779 575 agatfrustra?
819 468 942 579 Neg'.

86 679 144 792 Ο
164 656 258 740 Qrdm
267 653 442 732 multiplices,
461 655 533 713 Albe
546 655 695 732 sylvestris,
713 655 743 713 in
755 655 815 715 usus

203 757 341 824 Occiduo,
361 755 429 812 felix
442 755 532 823 arbor,
551 755 580 812 in
592 754 658 812 orbe
671 756 757 814 vires!

84 853 133 914 Tu
147 850 274 910 domibus
287 850 373 927 postes
384 848 501 916 validos,
521 847 676 926 ratibusque
687 848 804 921 carinas,

124 946 161 1003 Et
173 945 294 1017 trabibus
307 943 398 1000 clavos
412 941 507 999 sufficit
517 942 574 1018 ipsa
585 944 649 1001 tuis.

86 1039 164 1118 Qid
176 1037 243 1095 folia
253 1035 359 1093 edicam
372 1033 450 1092 molli
463 1033 589 1090 canentia
601 1034 678 1104 lanai,

124 1130 299 1207 Plurimaque
310 1130 341 1186 in
351 1125 433 1203 spinis
446 1139 475 1182 ut
487 1125 538 1183 tibi
549 1125 658 1185 frondet
670 1133 754 1186 acus?

86 1222 111 1280 E
123 1222 205 1281 ramis
218 1221 323 1298 epulas,
342 1220 448 1296 patinas
462 1237 497 1275 ex
516 1218 616 1277 cortice
627 1219 744 1296 praebes,

125 1313 286 1389 Nativoque
306 1312 376 1390 geris
398 1309 496 1387 pocula
519 1310 601 1386 plena
622 1332 716 1372 mero:

86 1403 229 1465 Fecunda
240 1404 330 1462 succos
343 1402 434 1460 fundis
447 1402 538 1459 radice
550 1401 679 1472 salubres,

125 1497 268 1575 AEgraque
279 1495 389 1552 Paeonio
402 1493 514 1551 flumine
526 1493 652 1552 membra
663 1496 749 1554 levas.

86 1588 186 1650 Planta
195 1588 289 1646 beata!
308 1587 349 1644 tui
359 1587 395 1644 est
405 1605 467 1662 pars
477 1586 607 1662 quaelibet
617 1587 700 1656 utilis,
718 1603 746 1647 et
753 1610 806 1668 par

124 1680 411 1745 Omnibus-humanis
430 1679 519 1738 usibus
544 1699 600 1738 una
620 1683 706 1740 venis.

148 1929 213 2008 An
226 1922 347 2031 stmile
375 1941 467 2030 agat
494 1925 534 2003 in
548 1924 697 2031 stmile?
753 1929 872 2041 Neg‘.

71 2154 75 2162 ,
86 2109 265 2240 BELLA
288 2111 358 2168 inter
369 2112 387 2147 *
398 2111 520 2170 medicos
530 2112 592 2189 plus
607 2110 691 2190 qudm
703 2113 795 2175 civilia
806 2118 907 2182 fratros

36 3384 86 3470 ἱ.

193 2206 287 2265 Fatuae
296 2202 383 2263 dulcis
395 2223 473 2262 amor
484 2208 576 2273 traxit,
596 2220 623 2263 et
635 2207 699 2265 artis
708 2208 807 2271 honos.

85 2300 195 2377 Ambos
206 2319 279 2380 aeger
297 2319 381 2376 opem
394 2301 463 2377 petit
468 2325 477 2367 ς
498 2314 526 2359 at
536 2300 667 2360 sententia
678 2302 769 2382 dispar

124 2395 227 2475 Surgit,
249 2408 277 2451 et
299 2394 410 2453 alternae
432 2392 593 2470 displicuere
611 2393 673 2452 viae.

85 2488 136 2551 Lis
150 2485 290 2564 extempld
301 2488 396 2553 oritur,
421 2486 547 2543 convicia
558 2497 654 2544 mutua
667 2485 786 2562 fervent,

125 2580 163 2639 Et
178 2577 254 2636 fratri
264 2577 381 2634 intentat
389 2575 473 2633 frater
485 2587 598 2653 uterque
611 2595 718 2639 necem.

84 2672 195 2735 Interea
205 2670 304 2729 vetulae
314 2668 415 2728 faciem
428 2669 556 2728 mentitus
567 2670 672 2747 Apollo

126 2765 201 2822 Proli
220 2762 271 2821 rite
294 2763 393 2821 timens
415 2761 549 2820 subtrahit
572 2781 649 2822 arma
671 2763 736 2827 suae.
857 2764 872 2808 l

87 2859 145 2927 Ne,
170 2858 258 2936 pueri,
278 2877 313 2916 ne
326 2871 402 2917 tanta
414 2856 512 2916 animis
526 2857 662 2920 assuescite
675 2860 766 2930 bellae

127 2951 233 3010 Sentiat
254 2951 336 3009 iratas
361 2950 489 3010 morbida
511 2951 592 3010 turba
616 2973 723 3014 manus.
810 2986 813 2991 ·

88 3043 194 3123 Dirigit
206 3044 335 3103 incassum
347 3043 466 3101 fraterna
477 3043 507 3100 in
518 3044 620 3102 viscera
632 3045 718 3104 telum

125 3133 258 3206 Dextera,
277 3134 314 3193 ab
324 3136 432 3214 aegrotis
443 3152 501 3193 uon
510 3134 566 3195 sine
577 3137 653 3200 caede
663 3137 760 3199 redttx.

246 3289 266 3362 f
278 3286 436 3368 Dssp‘dsa'yi
455 3283 585 3376 canen(
638 3316 641 3321 '
756 3344 759 3351 ·
