2002 3674
37 3418 63 3454 h.

98 158 144 215 22
358 138 698 209 CARMINA

99 262 293 340 Maternaeque
304 261 395 322 minor
407 260 548 322 succrescit
558 260 678 322 surculus
689 260 804 332 umbra,

139 353 177 413 Et
188 368 281 413 tenera
291 355 322 413 in
334 368 428 415 tenero
439 356 555 434 palmite
566 374 678 434 gemma
688 368 785 413 tumet.

101 443 162 505 Hic
173 447 258 505 etiam
270 448 363 525 exigui
375 462 471 507 texunt
483 449 647 507 umbracula
656 447 745 512 rami;

141 537 243 616 Aspice
265 543 385 600 venturis
408 542 532 621 tegmina
552 556 631 621 grata
650 540 725 599 viria.

103 629 191 690 Poma
202 632 266 690 vide
275 635 391 711 graciles
403 634 527 694 nondum
538 633 681 693 curvantia
692 631 800 700 tamon

143 727 215 805 Qrae
226 745 313 805 vagus
324 729 438 808 angusto
450 728 559 789 tramite
569 728 663 786 succus
674 727 732 785 alit.

106 817 135 875 0
149 818 197 877 ubi
208 837 264 877 non
275 821 379 882 lateant
388 824 499 883 formae!
521 824 585 884 cum
598 821 699 881 lemine
710 838 810 898 pomus

146 911 301 983 Clauditur,
320 930 348 976 et
359 935 445 995 pomo
455 916 569 974 cuilibet
578 917 673 976 hortus
683 912 760 971 inest.

109 1165 176 1244 An
193 1160 442 1269 Alteratiostt
456 1165 581 1242 Motus
598 1160 811 1244 continuus?
869 1152 969 1234 Aff',

115 1347 291 1471 CAnidiae‚
310 1363 340 1410 ut
356 1363 492 1412 memorat
503 1370 613 1411 carmen
624 1350 742 1418 triviale,
760 1348 857 1427 pelato

220 1442 353 1505 Haerebat
364 1444 454 1504 nullos
468 1446 565 1522 lingua
576 1444 675 1502 datura
685 1442 774 1499 sonos.

46 1584 50 1591 .
111 1527 176 1599 vir,
195 1529 347 1592 fortunatus
361 1534 489 1602 nimium,
508 1534 556 1591 sua
568 1533 588 1590 st
600 1532 674 1592 bona
686 1533 777 1600 uitat.

151 1620 305 1685 Phoebeam
322 1625 437 1689 Damon
455 1624 611 1685 sollicitavit
633 1642 727 1701 opem.

114 1711 223 1775 Annuit
234 1715 355 1777 arrident
367 1717 507 1794 precibutr
526 1715 677 1800 linguaque
688 1714 787 1786 soluti,

154 1805 328 1868 Damnatum
340 1823 407 1869 voto
416 1811 488 1886 juffit
499 1810 576 1873 abire
588 1811 676 1871 Deut.

115 1897 173 1957 Illa
182 1900 273 1959 virum
285 1918 387 1967 aeterno
399 1918 481 1963 vexat
492 1904 624 1974 clamore,
642 1915 780 1963 tacentem

155 1987 225 2048 Non
237 1990 277 2051 sol
289 1993 436 2064 decedent,
456 2015 513 2057 nou
524 1995 601 2057 videt
610 2009 672 2057 orta
680 1994 750 2054 dier.

118 2081 196 2142 Audi
207 2085 316 2158 iterum,
334 2091 472 2153 exclamet
483 2090 608 2161 Damon,
627 2091 727 2151 iterum
738 2086 933 2156 annueretur

158 2179 309 2258 Quinque
318 2180 398 2260 loqui
409 2182 534 2252 dederas,
552 2183 668 2252 Phoebe,
686 2179 867 2256 taeerejube.

120 2269 178 2329 eui
188 2270 284 2329 Deua:
303 2272 387 2333 Heu!
408 2274 491 2337 facile
502 2278 540 2339 ett
551 2275 714 2337 muliebrem
725 2273 828 2333 solvere
843 2275 981 2354 linguam,

159 2364 229 2425 Non
240 2384 325 2446 penca
336 2371 374 2433 est
389 2371 461 2450 ipsos
474 2393 559 2451 quam
569 2372 686 2449 religare
696 2369 784 2428 Deos.

123 2619 190 2699 An
208 2616 367 2697 Natura
394 2615 561 2697 intendat
578 2614 805 2724 Monstrum?
863 2615 983 2722 Neg¹.

126 2802 242 2927 EST
260 2820 351 2882 operae
363 2806 480 2882 pretium
493 2805 610 2864 urbanas
622 2805 732 2864 lustrare
742 2801 880 2870 tabernas,

237 2897 275 2959 Et
285 2900 362 2959 varia
372 2900 409 2960 ad
420 2902 509 2959 varias
523 2900 643 2978 pendula
655 2897 774 2958 monstra
784 2895 868 2955 foret.

128 2987 188 3048 Hic
199 2989 283 3050 rubra
293 2991 402 3052 insueti·
412 2993 513 3072 pandit
523 2993 567 3050 leo
580 3005 689 3070 tergora
699 2989 784 3057 villis,

168 3082 227 3142 Hic
239 3086 321 3145 trucis
333 3086 435 3167 effigies
447 3084 550 3143 coerula
562 3084 663 3162 pendet
675 3085 745 3160 apri.

129 3173 210 3234 Parte
223 3175 279 3235 alit
288 3196 387 3255 porcus
398 3178 552 3238 mouendis
564 3175 648 3256 surgit
660 3175 689 3233 in
701 3173 796 3242 artui·⁹
898 3200 901 3206 ·

170 3266 209 3327 Et
220 3267 326 3330 levibus
339 3269 437 3350 peruia
448 3269 567 3350 gryphes
580 3268 616 3327 ab
628 3266 696 3327 alita
706 3265 811 3325 volant.
