2002 3674
94 254 135 302 ιο
248 202 252 209 ’
351 224 694 292 crnmrur

91 347 240 430 Languidu
249 355 397 422 conceptos
406 355 498 403 tecum
508 343 657 402 meditatur
669 361 786 414 amores,

130 443 167 501 Et
178 438 252 499 facili
263 436 330 495 risus
342 437 446 496 instruit
458 455 505 494 ore
517 435 600 493 levet.

90 537 136 595 Te
146 531 276 612 pulchra,
295 543 324 589 te
334 530 415 589 tmba
426 530 494 589 colit
504 529 645 607 juvenilia,
663 540 697 588 ut
706 527 775 589 olim
786 552 795 595 t

130 627 187 686 Sed
199 623 302 684 fastidit
313 623 405 684 adhuc
416 623 501 702 turpi·
511 635 539 682 et
549 622 610 681 odit
621 627 700 681 anua

91 814 292 891 AnMotus
311 808 513 891 Naturalis
517 808 571 917 fit
591 809 630 887 in
656 807 770 888 Initio
790 800 912 894 tardior,
951 904 954 929 1

212 938 252 1015 in
268 937 362 1015 Fine
374 933 561 1014 velocior?
580 932 816 1015 Affirmatur.
951 940 954 1039 j

179 1119 252 1182 UM
271 1119 375 1179 foedam
389 1120 625 1183 fovet*0the110
639 1120 688 1180 sub
708 1121 818 1199 pedlore
836 1112 914 1194 palem,
950 1064 954 1205 Ι

208 1215 255 1272 lra
267 1231 368 1289 anceps
379 1211 508 1273 miserum
518 1225 639 1291 torquet,
656 1225 685 1273 et
695 1232 769 1297 aeger
778 1226 856 1272 amor.
951 1208 954 1285 l

17 1324 24 1341 ·
88 1307 154 1376 Illa,
172 1305 273 1385 inquit,
291 1304 360 1363 sacri
372 1304 516 1363 temeravit
526 1304 632 1365 foedera
644 1305 719 1376 lecti,
912 1308 916 1315 '
951 1288 954 1369 l

128 1400 192 1469 Illa,
212 1399 281 1458 beul
302 1398 452 1459 luminibus
464 1397 554 1458 carior
564 1397 650 1479 usque
661 1401 755 1461 meiol

91 1493 154 1571 Jam
166 1492 254 1552 somni
266 1490 377 1551 valeant
387 1490 483 1565 securi,
501 1503 530 1550 et
539 1491 651 1572 pristina
659 1490 761 1554 mentio

129 1584 252 1655 Gaudia,
271 1584 301 1643 in
313 1597 444 1645 aeternum
455 1582 501 1642 dia
509 1583 603 1644 valeto
615 1584 702 1664 quiet.

91 1679 155 1754 Jam
167 1677 273 1738 ferratae
282 1676 365 1746 aciet,
382 1675 571 1755 fremitusque,
583 1688 611 1736 et
619 1675 728 1736 vividos
740 1677 798 1736 aerir

129 1774 264 1850 Clangor,
283 1785 310 1830 et
322 1768 547 1830 instruftiMartia
560 1772 665 1848 imago,
683 1771 760 1830 vale.

89 1867 130 1927 Ar
140 1866 211 1945 nigri
222 1865 321 1933 luetur,
336 1876 365 1921 et
374 1863 480 1923 somnia
491 1863 551 1921 dira
561 1864 652 1923 venite
663 1889 674 1930 ;

129 1955 216 2024 Cura,
235 1951 399 2032 sepulchrali
413 1955 485 2013 ueste
496 1953 624 2022 recinlla,
643 1953 719 2012 veni.

90 2048 233 2132 Qrinjam
245 2050 331 2128 flagra
347 2060 437 2126 parat,
455 2046 637 2127 colubrosque
648 2048 792 2108 intendere
803 2046 909 2122 Erinnys,

128 2142 315 2222 Membraque
326 2139 472 2218 sulphureo
484 2161 607 2222 mergere
617 2141 686 2200 tolla
704 2143 779 2202 lacu.

89 2236 171 2298 Vinea
183 2234 266 2314 usque
277 2252 359 2292 noua
371 2234 548 2302 acmestunn
566 2245 595 2294 et
605 2235 654 2313 qui
664 2234 743 2313 pribt
754 2233 829 2315 εμὲ

126 2327 261 2396 Indoluit,
282 2325 377 2388 senfim
389 2325 592 2407 progrediendo
604 2325 679 2387 furit.

88 2501 154 2583 An
168 2525 264 2576 omne
281 2499 417 2603 Corpus
427 2496 674 2605 habeatsuum
686 2496 792 2580 Ubi?
812 2492 882 2578 Aff
888 2507 908 2574 ¹.

88 2650 247 2777 OXoniae
258 2651 384 2729 antiquat
396 2652 475 2713 collis
489 2651 546 2734 qud
556 2651 771 2732 despicientes,

186 2745 334 2822 Subjicitur
343 2746 401 2805 lato
411 2747 500 2807 limite
510 2749 588 2829 dives
601 2767 676 2828 ager.

85 2832 231 2894 Umbrosae
242 2835 289 2896 hic
300 2837 396 2909 vallet,
414 2839 549 2917 mollique
558 2836 695 2899 tumentia
706 2840 784 2900 clivo

123 2927 205 2987 Prata
216 2931 305 2988 virent
316 2956 326 2997 ς
342 2929 423 3007 juxta
434 2925 547 2991 findunt
559 2932 633 2992 alma
646 2931 733 3015 leger.

86 3018 158 3078 Haec
169 3022 239 3080 inter
248 3023 396 3087 Thamefis
405 3026 482 3089 lento
494 3026 646 3089 finuamine
657 3026 756 3106 plenus

124 3113 250 3188 Labitur,
269 3131 299 3179 et
311 3118 396 3179 taciti
407 3120 535 3202 gramina
545 3120 654 3182 mordet
666 3118 749 3199 aqui.

341 3272 361 3339 9
380 3270 563 3354 Sbalcspeare'r
573 3272 688 3338 ortella.
