2002 3674
195 186 776 279 QUADRA-GESIMALIA.
866 214 914 280 57.

83 304 133 365 Non
144 313 212 382 mihi,
231 312 386 390 respondet,
405 309 498 369 nitidis
510 310 610 369 dilecta
622 312 732 389 puellis,

108 399 194 473 ludica,
213 404 393 483 nescioquas,
412 402 499 461 herba
510 403 642 462 ministrat
654 424 751 483 aquas.

83 487 147 552 More
157 516 233 567 novo,
252 499 386 578 pinguem
398 496 524 556 Cerealia
534 497 635 575 pocula
646 511 743 576 potum

110 581 255 659 Dantmihi,
275 589 453 650 dantforttm
466 589 773 669 tergabovinacibum.

84 667 124 730 Cur
132 677 171 738 fim
182 695 237 739 tam
250 683 370 760 grandis,
391 683 450 739 noli
462 679 534 738 ultra
545 701 682 758 quaerere:
700 700 780 739 crura

109 765 230 833 Vismea?
247 775 412 851 jentaclum‚
431 773 544 843 Cottile,
564 773 639 832 sume
657 795 760 832 meum.

79 1051 127 1130 An
136 1057 321 1164 Corruptio
335 1056 502 1247 untiflrqsſst
516 1057 713 1137 Generatio
730 1054 908 1138 alterius?

357 1173 394 1247 A
439 1187 594 1253 rmatur.

117 1351 245 1413 UALIS
266 1354 341 1422 ader,
361 1354 486 1422 Senifini,
507 1355 578 1414 Itala
589 1356 715 1435 degente
727 1353 877 1432 profellusl

165 1447 287 1526 Anglica
298 1445 384 1524 qudm
396 1445 470 1505 suavi
481 1467 549 1507 voce
562 1450 668 1508 theatra
681 1448 793 1507 sonant!

88 1537 208 1597 usortem
220 1539 325 1598 interea
337 1539 529 1600 delamentaris
537 1543 677 1613 acerbam,

45 1686 48 1689 .
95 1631 248 1710 Qaededit
267 1631 370 1690 aetemd
390 1632 548 1710 virginitate
573 1633 637 1692 frui.

90 1724 173 1794 ollilrs,
186 1725 301 1784 arboreo
314 1725 425 1783 latitans
437 1723 486 1780 sub
500 1725 632 1802 tegmine,
644 1741 788 1802 nunquam

91 1814 205 1875 Amiffos
218 1815 301 1874 foetus
312 1815 359 1872 flet
369 1815 524 1873 Philomela
534 1834 647 1892 parens.

24 1878 115 1966 1¹1oe
123 1920 228 1978 tamen,
247 1908 355 1980 infelix,
375 1907 508 1967 damnum
518 1907 657 1977 solabere;
679 1907 783 1968 sermm

88 1999 237 2061 Cantorem
249 2001 349 2073 reddit,
368 2003 445 2080 quod
456 2000 594 2062 vetat-effe
606 2002 709 2062 virum.

29 2266 113 2344 -An
140 2265 267 2374 plures
301 2267 443 2343 Formae
475 2262 729 2370 strbordinatae
751 2261 830 2371 stnt
869 2263 911 2344 in

225 2374 350 2455 eodem·
369 2373 583 2483 Compostto?
615 2396 617 2400 ‘
641 2371 737 2453 Aff'.

96 2561 211 2622 Lurima
224 2583 286 2641 quae
297 2563 398 2621 nostros
408 2562 518 2643 fugiunt
530 2561 691 2642 corpuscula
699 2559 782 2633 visor,

149 2659 204 2714 Ars
217 2656 294 2715 dedit
305 2659 406 2737 exiguo
417 2657 610 2735 conspicienda
618 2659 700 2717 vitro.
789 2726 792 2731 y
901 2702 906 2709 .

37 2730 94 2802 Est
106 2747 136 2806 in
148 2748 246 2807 fronde
257 2769 363 2820 nemus,
383 2749 507 2826 folioque
518 2748 568 2807 sub
581 2748 685 2806 arboris
697 2748 776 2807 omni
836 2812 841 2818 ,

88 2838 365 2920 Haerent'indigenae,
385 2860 472 2918 parva
485 2854 604 2906 caterva,
624 2838 699 2896 ferae.

45 2923 165 2990 Sartoris
175 2933 280 2991 collum
292 2933 376 3010 pulex
389 2930 541 3009 depascitur
553 2948 656 3000 errans,

87 3024 188 3091 Pulicis
200 3024 306 3085 exultat
317 3040 424 3106 tergore
435 3025 515 3084 turba
527 3025 627 3083 minor.

43 3113 140 3199 Qzlm
153 3119 298 3179 numerosa
309 3121 408 3179 cohors
418 3121 508 3179 latitat
517 3120 617 3178 sartore
629 3116 678 3176 sub
691 3119 765 3178 uno!
845 3158 848 3165 -

86 3213 123 3271 Et
135 3229 223 3294 quota
234 3233 298 3294 pars
307 3212 367 3272 haec
377 3215 414 3272 est
425 3215 508 3286 illius,
528 3214 575 3273 ille
586 3212 655 3272 viril
677 3215 679 3219 ’
