2002 3674
80 132 124 199 μ
338 108 677 177 cuumruu

75 230 153 287 Dum
166 223 330 282 matutinum
343 239 394 298 pro
407 239 482 279 more
494 221 654 282 deambulat
670 226 779 298 orbem,

116 315 202 376 Ecce!
222 315 293 373 inter
305 313 405 371 multos
420 313 502 371 anxia
514 315 617 391 pendet
629 316 720 375 beroa.

76 412 172 489 Ocydr
185 405 253 467 al'ter
265 427 361 486 aquas,
381 408 448 464 alter
457 407 598 482 jentacula
609 409 706 485 poscit,

113 499 236 567 Tertius,
254 497 336 556 heus!
358 517 424 556 cura
437 510 467 553 ut
478 496 510 554 fit
524 497 594 556 mihi
606 498 720 558 flamma
732 499 821 560 domi.

75 592 123 654 Ad
136 591 271 670 quemvis,
291 591 330 649 ait
348 590 407 658 illa,
426 589 531 657 locum,
543 588 628 658 modd
642 591 736 651 mittar
749 592 785 653 ad
797 612 905 661 unum:

116 685 171 745 Sed
184 704 291 764 nequeo
302 686 353 744 elle
367 683 435 754 illic,
455 683 511 755 bic,
532 695 560 742 et
572 682 676 765 ubique
688 683 778 767 simul.

214 951 283 1029 An
300 947 381 1025 Ae‘r
394 943 451 1054 stt
467 944 630 1029 calidus?
687 948 784 1031 Affi.
821 930 827 941 ⁵

74 1134 257 1264 MANE
276 1148 351 1190 novo
362 1131 505 1191 mulclrale
525 1129 615 1192 ferens
627 1134 780 1195 rubicunda
791 1134 894 1216 puella,
981 1182 982 1185 ,

209 1227 283 1285 cum
297 1238 402 1304 peteret
415 1226 497 1286 celeri
508 1229 636 1305 proxima
648 1243 728 1308 prata
739 1232 820 1310 pede,
869 1258 872 1265 ·

75 1321 157 1383 Acris
171 1320 207 1379 ab
221 1319 317 1379 AEolio
331 1320 463 1379 stridebat
476 1340 583 1380 carcere
596 1335 702 1393 ventur,

114 1417 208 1494 Atque
220 1417 290 1474 stetit
302 1413 388 1473 derisa
401 1415 519 1474 candida
531 1429 604 1475 tetra
616 1419 692 1480 nive.

74 1506 143 1568 Non
157 1523 251 1567 tamen
264 1505 378 1565 intrarat
390 1508 559 1585 penetrabile
573 1507 659 1589 frigus
672 1510 702 1568 in
715 1522 801 1581 artus,
918 1544 922 1548 Δ
976 1497 1001 1515 ”’

112 1602 177 1661 Nec
189 1601 306 1660 mordax
318 1601 445 1678 pulcram
456 1601 561 1662 laeserat
573 1622 639 1662 aura
650 1617 752 1663 eutem.

77 1692 177 1780 Aspice
189 1697 389 1778 candentesque
402 1720 497 1779 genas,
515 1699 660 1779 vultusque
677 1698 809 1775 salubres,
867 1690 871 1697 ’

116 1793 215 1871 Aspice
228 1804 256 1849 et
269 1790 368 1852 aestr'vis.
377 1793 479 1852 aemula
489 1792 568 1851 labra
578 1793 654 1853 rosus.

75 1883 159 1943 Unde
172 1885 218 1942 hic
230 1884 333 1941 lucenti
345 1883 431 1955 micat
441 1884 536 1961 igneus
550 1884 632 1942 ardor
643 1885 673 1941 in
686 1892 757 1946 ore?

20 1962 24 1970 s
113 1977 224 2037 Scilicet
235 1976 343 2035 ardenti
353 1974 402 2035 sub
414 1976 484 2052 Jove
496 1976 622 2053 nympha
634 1975 696 2035 fuit.

128 2261 196 2348 &An
216 2234 374 2343 thura
398 2277 489 2368 agat
503 2259 684 2368 frastra?
742 2262 857 2370 Neg‘.

977 2398 1001 2426 -ι

140 2450 207 2511 UO
233 2450 344 2509 Natura
356 2469 465 2529 parens,
484 2449 590 2510 telluris
600 2448 699 2510 inutile
707 2450 830 2531 pondua.
944 2510 951 2527 ,

193 2543 329 2602 Formarit
341 2557 459 2613 montes,
478 2545 566 2623 impia
576 2547 658 2606 turba
671 2532 768 2626 rogat.¹

75 2635 214 2698 Demens!
236 2632 321 2713 quim
332 2632 410 2692 varii
422 2648 505 2694 terras
518 2639 666 2718 gentesque
678 2659 726 2718 per
740 2638 835 2698 orbem

115 2733 209 2793 A‘e'riae
229 2748 310 2809 rupea
333 2726 450 2787 utilitate
473 2729 572 2789 beant!
844 2738 847 2743 '

77 2825 136 2888 Hic
147 2828 252 2887 summo
265 2824 364 2884 florent
374 2823 507 2884 umbrosae
519 2826 550 2884 in
561 2829 663 2886 vertice
675 2826 770 2906 sylvae,

117 2925 181 2983 Illic
203 2934 327 2982 armento
350 2919 454 2999 pabula
477 2921 541 2980 laeta
562 2941 645 3001 vago.

30 3046 35 3051 ·
79 3014 231 3076 Mitzsc'uut
242 3012 338 3070 liuclue
348 3029 397 3088 per
408 3009 488 3070 saxea
500 3012 564 3069 cola
572 3012 682 3082 marini,

118 3106 258 3186 Arvaque
261 3114 422 3184 percurrunt
433 3102 548 3166 flumina
559 3102 646 3165 dulcia
659 3120 750 3184 aqua·
