2002 3674
100 240 197 308 18..
356 236 700 309 CARMINA

96 358 215 440 Indulge
227 351 330 439 geniali
342 358 417 417 horae
430 357 562 436 facilique
570 358 667 435 Lyaeo,

136 453 215 512 Dum
227 450 327 509 sevum
338 449 465 509 Lachefis
475 449 553 509 tarda
563 465 684 509 moratur
692 466 773 527 opus.

98 544 176 602 Nam
187 542 245 610 tua,
265 543 376 602 devolvi
387 564 518 623 praeeeps,
538 545 627 604 brevis
637 544 731 603 interit
743 556 820 615 πω,

138 635 175 692 Et
187 637 276 699 nostra
288 638 325 694 est
337 637 417 715 parili
427 637 598 716 praecipitata
609 636 685 717 fugi.

96 725 166 787 Non
176 743 269 788 tamen
280 731 326 800 est,
346 730 444 790 sortem
456 749 504 790 cur
516 731 692 812 indignemur
700 731 825 811 iniquam
832 757 842 800 ;

136 822 271 902 Virgilius
283 825 374 901 periit,
391 819 559 906 Virgiliique
571 825 670 885 Culex.

152 1093 216 1169 An
234 1081 331 1168 omne
349 1090 482 1195 Corpus
496 1091 762 1197 componatur?
796 1090 887 1174 Aff'.

162 1277 264 1336 Finxit
274 1276 426 1353 quondam,
446 1274 582 1335 blandum
593 1278 727 1339 meditata
735 1281 861 1351 laborem,

203 1370 281 1428 Basra
291 1368 394 1428 lascivi
408 1369 515 1447 Cypria
526 1370 602 1428 Diva
612 1391 707 1432 manu.

92 1462 244 1521 Ambrosrae
256 1462 348 1521 succos
359 1462 469 1520 occulti
478 1476 614 1542 temperat
624 1478 693 1535 arte,

131 1558 154 1614 F
155 1555 319 1636 ragransque
330 1556 420 1616 infuso
432 1559 541 1616 uellate
552 1559 635 1638 tingit
643 1576 727 1638 opus.

95 1650 200 1708 Sufficit
212 1663 239 1709 et
251 1666 356 1728 partem
370 1650 470 1719 mellis,
483 1651 558 1730 quod
570 1651 699 1713 subdolus
711 1657 780 1716 olim

132 1742 200 1800 Non
212 1740 326 1820 impunc}
339 1741 410 1800 favis
422 1742 586 1820 surripuisset
598 1746 696 1807 Amor.

93 1835 224 1894 Decussos
237 1836 318 1894 violae
330 1835 402 1894 foliis
414 1835 544 1895 admiscet
553 1839 663 1910 odores,

131 1932 168 1987 Et
178 1928 265 2007 spolia
276 1929 370 1986 aestivis
382 1928 504 2006 plurima
515 1944 594 2006 rapta
604 1933 679 1990 rosia.

90 2021 210 2079 Addidit
220 2018 372 2088 illecebras,
385 2032 413 2076 et
424 2018 501 2076 mille
513 2033 540 2076 et
551 2020 627 2079 mille
636 2021 756 2100 lepores,

129 2118 165 2174 Et
175 2130 243 2195 quot
253 2115 395 2174 Acidalius
408 2114 509 2193 gaudia
523 2115 719 2175 Cestushabet.

90 2210 134 2268 Ex
145 2212 186 2268 his
199 2208 353 2287 composuit
363 2209 427 2266 Dea
438 2208 516 2267 Basra
528 2236 536 2276 a
560 2224 588 2268 et
599 2211 694 2269 omnia
705 2210 796 2272 libans

128 2307 256 2364 invenias
269 2305 363 2365 nitidae
377 2305 467 2382 sparsa
479 2325 527 2383 per
539 2324 588 2364 ora
600 2306 692 2366 eroes.

90 2559 154 2634 An
191 2552 301 2649 omnis
339 2555 513 2634 Materia
548 2573 698 2664 oppetat
739 2551 923 2640 Formam?

404 2666 642 2751 Affirmatur.

203 2948 328 3006 Protinus
341 2949 441 3005 assueto
454 2948 564 3025 Jupiter*
575 2950 639 3028 igne
650 2953 730 3024 calet,

83 3041 236 3102 Mentitum
250 3042 326 3100 varii
339 3045 443 3101 celatur
452 3042 574 3124 imagine
587 3066 699 3119 numen,

124 3135 207 3193 Cedit
220 3148 246 3192 et
260 3136 355 3215 ignoto
366 3138 453 3197 multa
464 3139 560 3218 puella
574 3138 647 3200 Deo.
666 3156 671 3165 “

87 2855 222 3038 QUA
232 2855 307 2914 videt
321 2857 459 2936 egregiam
471 2860 606 2935 praestanti
617 2879 732 2940 corpore
745 2859 902 2941 nympham,
