2002 3674
64 215 69 225 -
192 176 786 268 norbertinorum,
864 177 907 267 ⁶9

85 290 128 363 Illa,
144 298 201 374 quid
211 296 324 374 arreptis
334 295 420 366 saevis,
434 295 588 366 temeraria,
607 294 712 373 scopist

112 387 157 446 Cur
166 410 215 470 ego
226 388 331 448 crudeli
339 389 453 448 vulnere
464 390 579 467 pledor,
598 389 655 447 ait?

86 475 188 542 Menihil
200 485 292 544 utilius
304 505 354 561 per
365 498 435 543 totas
448 483 580 562 conspicis
594 483 675 552 aedes,

111 570 152 632 Seu
162 575 204 634 sim
216 578 290 634 muri
301 577 392 645 hostis,
410 576 456 634 seu
467 576 519 634 tibi
529 576 586 636 fida
595 595 699 636 comes.

87 657 122 718 F²⁵
130 668 186 726 nihi
194 687 345 747 purpureos
356 668 475 746 spetiem
485 669 540 726 fine
550 670 665 728 crimine
673 685 762 749 reges,
829 674 843 753 ᾗ

110 754 340 838 Etnibimajestas
349 761 543 839 conspicienda
553 763 631 820 nitet.
710 840 713 847 .

86 843 169 932 Postqte
178 877 280 916 novem
294 856 431 916 absumtas
442 858 567 915 bumana
576 858 606 915 in
623 855 772 916 commoda
786 852 867 926 virts,

110 941 194 1031 Multps
215 962 245 1007 et
265 949 378 1007 extindi
399 950 521 1027 corporis
541 948 602 1008 usus
622 949 692 1009 erit:

84 1026 167 1101 Mortua
177 1042 212 1102 do
224 1042 325 1101 fidibus
336 1042 463 1113 chordas,
481 1042 632 1123 opibusque
641 1060 812 1114 crumenam,

110 1129 177 1196 Sanat
185 1151 212 1196 et
221 1138 360 1197 infirmum
372 1139 451 1215 peliis
463 1139 553 1198 amica
562 1139 661 1199 femur.

82 1210 126 1278 Hit
134 1228 177 1286 tib'i
187 1228 326 1307 relliquias
337 1230 451 1300 babeas,
469 1232 529 1289 haec
540 1233 637 1290 ultima
648 1231 740 1300 donar

108 1313 147 1382 Nil
157 1323 189 1384 de
200 1324 255 1384 fele
266 1340 344 1405 potes
357 1338 454 1403 praeter
465 1324 568 1385 babere
579 1339 682 1384 cutem.

125 1547 182 1624 An
199 1542 307 1623 detur
322 1545 431 1625 Αὲῗίο
449 1545 489 1625 in
508 1542 664 1644 distans?
720 1543 838 1652 Neg'.

72 1676 200 1800 EGtegii
208 1684 318 1761 juvenis
329 1687 440 1767 Sagana
449 1683 607 1743 ardescebat
619 1703 727 1751 amore;

160 1778 216 1837 Sed
229 1797 281 1836 nec
293 1777 444 1846 blanditiae,
463 1797 514 1836 nec
527 1777 638 1836 valuere
651 1795 754 1854 preces.

67 1848 130 1926 Hinc
140 1869 214 1928 rabie
224 1869 345 1928 infernas
356 1868 481 1928 succensa
491 1871 643 1949 accingitur
653 1883 734 1941 artes,

99 1957 267 2039 Etjnvenem
278 1963 388 2043 magici
399 1964 512 2043 perdere
524 1983 593 2024 voce
604 1977 693 2044 parat.
779 1974 782 1978 '

62 2037 163 2136 Effingit
184 2057 277 2115 mollis
291 2057 444 2134 juvenilem
455 2049 518 2117 cera
529 2059 657 2136 figuram,

96 2148 133 2210 Ut
152 2150 249 2210 sentim
269 2152 384 2209 admoto
404 2151 436 2209 fit
454 2150 604 2228 liquefaeta
623 2148 697 2207 foto.

60 2231 109 2304 Hir
119 2245 213 2305 saltem
224 2245 344 2303 flammis
354 2245 528 2312 cruciaberis,
546 2242 683 2320 improbe,
702 2239 821 2306 clamata

94 2337 232 2418 Improbe,
253 2355 320 2394 nam
334 2335 453 2394 flammis
465 2335 523 2394 sum
536 2336 658 2394 cruciata
668 2335 730 2392 tuis.

60 2430 208 2493 Crudelior
218 2430 294 2500 tabe,
313 2431 422 2508 liquens
435 2443 466 2490 ut
478 2449 549 2501 cera,
568 2428 717 2508 liquesces3

91 2527 168 2586 Nam
178 2546 223 2585 me
234 2525 340 2585 crudeli
349 2526 413 2584 tabe
426 2527 532 2604 peredit
543 2545 632 2586 amor.

60 2613 159 2680 Frustra
170 2619 339 2695 Thessalicas
352 2640 470 2690 exerces,
490 2621 586 2699 impia,
605 2620 714 2680 fraudes
726 2643 735 2688 ;

89 2716 159 2776 Non
178 2714 257 2774 ardet
270 2714 390 2791 juvenis,
408 2735 460 2774 nee
479 2718 551 2792 perit
569 2718 634 2794 igne
656 2729 716 2773 tuo.

60 2938 116 3015 An
135 2937 262 3016 Motus
280 2933 529 3038 Projerrorum
541 2932 620 3042 fiat
633 2948 701 3037 per
721 2924 911 3036 Impulsum

76 3057 80 3062 ’
141 3075 166 3125 a
184 3044 409 3148 Projiciente
427 3045 659 3154 impreffiem?
718 3038 813 3125 Aff.

60 3190 169 3316 VOS
189 3188 218 3258 ὂ,
232 3188 280 3268 qui
293 3203 372 3268 grato
386 3202 541 3248 exercentes
555 3187 680 3247 membra
690 3185 796 3260 labore,

172 3288 284 3366 Optatis
304 3285 368 3347 belli
386 3284 472 3347 dicier
494 3298 552 3347 arte
570 3286 647 3365 pilae,
