2002 3674
99 155 141 238 ³⁸
259 170 263 177 ·
357 153 697 226 crumina
776 202 780 208 -

96 283 156 342 Hic
178 299 252 340 nova
267 279 368 340 lascivo
388 281 498 340 testatur
520 286 623 362 gaudia
644 288 722 359 saltu,

138 376 175 434 Et
188 375 264 434 cadit
283 374 313 432 in
330 375 427 434 molles
449 379 579 454 parvulus
596 399 656 438 erro
677 382 759 445 finus.

95 469 168 528 Mox
180 466 309 526 suadente
324 467 375 536 siti,
395 481 472 526 tanta
486 471 523 528 est
543 470 669 531 solertia!
693 474 789 547 fertur,

134 560 201 642 Qui
221 561 329 639 sanguis
349 561 426 620 roseo
445 563 551 641 semper
571 565 602 622 in
623 584 670 625 ore
691 567 775 630 sedet.

94 655 251 714 Credideris
268 655 327 712 illic
347 654 452 733 semper
469 657 580 716 voluisse
601 662 714 728 morari,

133 749 198 808 Nee
217 747 333 806 blandas
354 767 476 825 unquam
494 749 634 809 deseruisse
655 771 751 830 genas.

96 846 160 922 Jam
178 841 271 900 secura
287 853 368 918 potes
386 861 470 900 nexas
492 843 586 901 laxare
607 857 739 914 catenas;

133 937 202 996 Non
220 955 290 1012 opus
310 935 416 1003 artifici,
435 937 532 1013 pulcra
548 938 681 1007 Corinna,
698 939 777 1019 jugo.

94 1031 173 1091 Dum
184 1029 250 1087 licet
260 1024 308 1084 hic
321 1025 405 1103 pasci,
424 1027 490 1086 licet
500 1029 554 1086 hac
565 1031 595 1088 in
613 1030 676 1088 sede
695 1033 807 1102 morari,

130 1121 201 1178 Non
219 1131 268 1175 tua
285 1118 425 1195 captivum
437 1119 539 1189 vincla,
558 1119 605 1178 sed
618 1120 676 1197 ipsa
690 1135 777 1181 tenes.
867 1125 872 1143 ¹

94 1316 160 1397 An
179 1307 339 1418 Aliquid
347 1247 576 1418 producetur
589 1341 633 1392 ex
648 1312 809 1395 Nihilo?
835 1315 873 1395 N

89 1497 240 1627 FERT
260 1497 347 1575 presso
358 1498 501 1576 impletam
514 1498 581 1557 dum
595 1499 700 1587 Phyllis
720 1500 756 1559 ab
769 1501 853 1562 ubere
865 1523 873 1562 r

294 1604 378 1661 tram,
622 1605 628 1617 '

128 1689 263 1749 Venturae
279 1705 442 1745 enumerans
462 1684 611 1745 commoda
622 1685 708 1754 sortis,
725 1686 782 1756 ait;

89 1783 134 1844 Ex
154 1784 209 1841 hoc
221 1782 291 1840 laete
303 1798 378 1838 novo
396 1780 465 1837 mihi
479 1780 636 1838 nummulus
651 1781 736 1839 affluit
744 1805 753 1849 ;
771 1803 808 1843 ex
820 1784 873 1846 hoc

130 1878 194 1935 Ova
206 1891 280 1939 emo,
300 1883 451 1950 pennatum
464 1889 531 1928 mox
545 1871 665 1948 paritura
679 1891 803 1952 gregem.

89 1967 133 2026 Ex
145 1967 199 2025 hac
210 1976 285 2023 corte
297 1963 373 2022 suem
384 1960 452 2020 mihi
465 1977 614 2038 eomparos
633 1961 717 2020 obesa
729 1969 802 2042 parit
813 1966 855 2027 sus
862 1991 872 2036 s

128 2059 198 2118 Inde
211 2057 279 2117 mihi
291 2057 408 2116 vitulum
420 2072 546 2122 mercor;
566 2068 594 2112 et
605 2053 670 2113 inde
684 2056 795 2117 bovem.

86 2153 162 2214 Mox
181 2149 338 2211 numerosus
358 2149 431 2207 adest
443 2167 552 2227 procus,
571 2162 599 2206 et
611 2150 751 2209 connubia
762 2153 838 2224 laeta,

127 2249 198 2326 Qsae
211 2244 312 2324 Mopsa
324 2243 455 2311 invideat,
475 2262 537 2320 quae
550 2242 672 2307 Galatea
683 2244 762 2303 mihi.

86 2339 162 2401 Haec
173 2328 243 2397 inter
255 2335 355 2396 titubat
367 2334 481 2412 Phyllis,
501 2334 703 2413 stupefauaque
715 2338 861 2398 muls'tram

126 2433 277 2512 Delapsam
295 2431 421 2490 madidos
442 2428 572 2506 prospicit
589 2443 653 2488 ante
676 2429 770 2507 pedes.

86 2524 235 2591 Porcellus,
254 2539 363 2588 vaccas,
382 2519 508 2599 gallinas,
527 2537 592 2589 ova,
611 2520 752 2591 maritum,

125 2620 199 2678 Cum
212 2615 283 2674 lade
298 2612 405 2672 amissos
425 2611 530 2688 Phyllis
550 2631 640 2692 egena
660 2614 756 2691 gemit.

86 2713 207 2780 Scilicet,
225 2729 241 2767 e
255 2705 372 2766 mulslri
383 2724 446 2783 quae
466 2720 631 2782 proventura
642 2705 760 2766 canebat

124 2801 240 2879 Phyllis,
259 2800 328 2858 stant
347 2796 464 2858 mulctra
481 2796 575 2869 stante,
595 2798 711 2858 cadente
722 2799 836 2860 cadunt.

159 2995 224 3073 An
241 2991 356 3069 Luna
365 2988 421 3096 stt
433 3023 435 3026 ⁴
446 2984 691 3067 habitabilis?
738 2989 856 3098 Neg‘.

147 3180 217 3239 UM
235 3175 331 3236 tabula
343 3175 479 3235 Herelius
498 3174 588 3235 Lunae
600 3175 762 3255 depinxerat
774 3196 865 3257 agros,

176 3275 302 3366 Qaeque
314 3270 502 3332 intermontes
514 3267 628 3332 dentibus
646 3285 726 3343 errat,
739 3289 860 3351 aquam
