2002 3674
1 316 6 323 ,
99 246 145 334 9⁶
358 219 775 314 CARMINAJ

153 445 220 526 An
237 439 344 522 detur
362 435 623 547 Anttpathia?
654 437 903 547 ‚Affirmatun

168 629 259 690 ILA
277 631 345 709 lyrae
356 627 780 708 Eumolpusvulpisparatil123
800 644 887 696 terret

198 726 253 786 Sed
265 726 328 803 lyra
340 726 412 784 talla
420 723 503 795 feras,
523 721 695 804 aligerosque
705 744 815 807 greges.

96 821 198 884 Gallus
209 819 268 878 avis
280 836 441 898 quanquam
452 815 485 875 lit
496 815 601 875 Martis
608 812 721 886 bellica,
738 816 834 897 vulpis

132 914 203 975 Non
214 911 303 972 oblita
315 910 386 992 fugit
397 900 499 970 bellica
508 907 609 970 Martie
622 908 691 968 avie.

93 1009 246 1091 Impatiens
256 1008 354 1066 mutus
366 1004 445 1064 abdit
455 1003 482 1062 se
494 1002 578 1062 dama
588 1000 711 1074 latebris,

133 1106 171 1164 Et
179 1122 229 1183 per
238 1114 335 1179 aperte
346 1112 467 1158 tremens
480 1097 573 1158 avolat
584 1115 652 1156 arva
662 1095 754 1178 lepus.

94 1198 172 1276 Quin
183 1193 297 1253 tandem
307 1191 400 1249 invisae
412 1210 519 1269 parcas,
537 1189 689 1268 Eumolpe,
707 1190 870 1264 Camoenaer

130 1290 201 1350 Non
211 1287 273 1346 haec
284 1284 453 1345 eonveniuut
462 1282 567 1342 dissona
578 1280 625 1340 fila
635 1282 715 1360 lym.
751 1362 754 1366 ι

91 1381 146 1444 Ilia
157 1380 225 1440 dum
237 1376 327 1454 vulpis
339 1373 439 1454 pulsas,
458 1370 524 1433 licet
535 1372 651 1452 Orphea
660 1372 771 1448 vinem,

132 1471 229 1533 Nullae
240 1467 347 1557 plettra
359 1465 434 1538 ferse,
453 1467 531 1528 nulla
542 1465 669 1546 sequetur
683 1467 755 1528 aris.

93 1665 160 1746 An
187 1659 296 1742 detur
323 1661 491 1743 Fortuna
522 1674 558 1739 et
587 1657 696 1767 Casus
728 1659 772 1741 in
805 1657 941 1743 Rebus?

426 1789 612 1897 Negatur.

171 1975 280 2054 Mbrofi
292 1976 378 2036 latere
390 1978 420 2036 in
433 1978 522 2046 collis,
541 1977 598 2056 qul
610 1978 709 2038 fertilis
719 1978 810 2039 herba

213 2071 357 2152 Spargitur
369 2069 477 2130 aetemis
488 2069 608 2140 roribus,
628 2085 708 2130 antra
719 2087 830 2150 patent.

91 2168 228 2229 Faucibus
240 2168 270 2226 in
283 2167 380 2245 primis
392 2165 460 2224 folia
472 2166 524 2224 en!
545 2164 663 2225 incultus
676 2169 813 2229 acanthus

129 2261 269 2341 Explicat,
288 2273 317 2319 et
328 2260 410 2319 violae
421 2260 485 2320 laeta
498 2279 624 2340 propago
633 2261 718 2321 rudis.

16 2365 19 2369 '
89 2358 169 2417 Intus
182 2375 363 2435 prorumpens
375 2353 485 2435 liquida
496 2353 559 2414 fons
571 2368 724 2415 murmurat
737 2355 827 2428 unda,

128 2456 222 2535 Qem
234 2451 338 2511 circum
349 2451 483 2532 effingunt
496 2470 635 2511 marmora
643 2452 709 2512 viva
720 2465 809 2512 toron.
928 2478 929 2483 ¹

88 2547 141 2607 l'er
153 2563 245 2604 muros
258 2544 328 2622 algis
340 2545 454 2602 corallia
465 2545 543 2603 mista
553 2545 676 2615 marinis,

127 2638 276 2718 Multaque
288 2636 363 2698 felici
373 2657 408 2696 ex
419 2638 517 2698 ordine
529 2640 636 2699 concha
646 2641 737 2698 nitens
749 2662 760 2706 ς

89 2737 227 2814 Quaeque,
245 2733 312 2794 rosae
325 2733 428 2805 similis,
446 2733 533 2794 dubio
544 2732 641 2795 suffusa
654 2734 767 2805 rubore,

126 2829 255 2906 Qaeque
264 2827 340 2886 velut
352 2847 420 2905 puro
433 2827 538 2885 lumine
550 2826 652 2885 candet
663 2825 744 2886 ebur.

88 2919 151 2978 Has
162 2921 233 2979 inter
244 2920 325 2980 viridi
337 2920 449 2999 surgunt
461 2919 525 2978 saxa
534 2919 605 2978 illita
613 2918 718 2987 musco,

127 3015 324 3095 serpentesque
336 3015 443 3076 hederae
456 3016 547 3076 flexile
558 3018 652 3075 vimen
663 3025 764 3096 agunt.

86 3110 156 3168 Non
166 3110 228 3168 talis
238 3129 314 3172 caeco
327 3113 441 3173 debetur
451 3113 541 3193 vatia
551 3110 614 3173 casu
625 3135 635 3180 ;

126 3202 195 3263 Non
208 3202 387 3289 hocfortuuae
398 3205 481 3278 lusus,
501 3206 606 3268 startia
619 3220 706 3284 optut
780 3266 788 3275 .
919 3280 946 3342 A
