2002 3674
192 149 768 241 QUADRAGESJMALIA.
872 175 911 241 51

74 396 124 472 An
139 398 261 501 Agens
278 392 437 499 afflmilet
455 391 538 474 Sibi
555 394 745 474 Patiens?
785 392 887 476 Aff‘.

10 636 17 662 f
82 582 230 703 ALcides,
243 580 332 658 Lydae
344 581 411 641 dum
424 594 520 661 captus
539 600 633 641 amore
654 583 753 661 puellae

19 688 26 704 ¹
160 679 302 739 Femineo
314 679 405 739 subdit
424 681 498 739 colla
510 679 626 757 superba
635 682 714 759 jugo,

85 763 214 833 Dedecoret
233 790 294 835 roto
313 777 422 835 testator
442 775 510 835 orbe
533 777 661 844 laborem

110 862 149 923 Nil
168 868 265 937 animi,
290 868 376 927 solitae
398 869 438 926 nil
460 868 576 927 feritatis
594 869 689 928 habet.

83 945 199 1018 Nodosam
219 961 302 1038 pouit
324 961 443 1027 clavam.
468 958 642 1038 spoliumque
665 962 764 1031 leonis,

21 1064 32 1125 ,¹
107 1046 299 1131 Dependetque,
320 1054 440 1112 humeris
461 1054 566 1113 murice
588 1055 674 1117 tinila
700 1070 773 1137 togr.

17 1136 25 1195 .'
78 1130 177 1203 Mollem
195 1144 303 1204 versato
326 1147 420 1205 lanam
444 1146 582 1205 deducere
604 1148 667 1208 fuso

10 1242 19 1323 p·
105 1231 223 1305 Sustinet,
247 1248 275 1293 et
297 1234 393 1312 plenae
418 1253 566 1297 exonerare
584 1236 671 1295 colos.

10 1330 13 1369 2
67 1314 151 1401 Qeru
162 1348 218 1387 non
231 1329 326 1388 inscie
338 1330 436 1388 mulier
447 1331 625 1389 transformat
644 1338 802 1393 amantem?

105 1420 132 1477 Si
150 1421 245 1500 sponsa
267 1422 386 1485 Alciden
409 1441 465 1481 non
491 1424 560 1483 sinat
582 1424 635 1482 elle
656 1427 755 1486 vnum.

69 1659 72 1663 ’
122 1642 180 1722 An
198 1667 296 1720 omne
315 1642 448 1747 Corpus
467 1646 727 1747 componatur?
764 1646 862 1726 Aff'.

55 1817 155 1945 UT
172 1827 326 1905 nympham
339 1824 442 1886 condat
461 1827 598 1906 proelianti
613 1847 739 1913 corpore,
753 1831 844 1891 mollit

158 1916 265 1987 Omnia
282 1929 415 1975 terrarum
434 1935 520 1995 reguo
541 1934 662 1994 pererrat
677 1920 774 1983 Amor.

54 1990 138 2069 Hinc
156 2008 259 2076 forma,
279 2008 345 2068 hinc
365 2009 461 2079 satier,
479 2010 556 2068 illinc
568 2011 723 2091 decerpitur
743 2019 808 2078 artis

99 2099 200 2160 Nescia
215 2099 383 2178 fimplicitas,
402 2100 606 2181 purpureusque
628 2105 728 2181 pudor.

55 2176 109 2253 Ne
118 2206 211 2253 tamen
224 2191 352 2270 asperitas
365 2193 523 2251 dominetur
535 2196 633 2253 rustica
645 2215 769 2268 morum,

99 2287 204 2347 Omnia
219 2283 317 2345 divinit
333 2296 469 2361 temperat
490 2298 546 2343 arte
561 2286 649 2346 Deus.

57 2364 140 2443 Haec,
152 2377 201 2437 ubi
223 2376 368 2436 miscuerat
388 2374 463 2433 felici
485 2374 598 2435 dextera
617 2379 697 2448 limo,

99 2472 230 2533 Nascitur
248 2471 361 2551 egregio
381 2486 496 2547 corpore
515 2469 587 2528 flava
600 2471 681 2529 Cloe'.

58 2554 215 2643 Multiplici
226 2564 366 2622 Venerem
377 2560 468 2623 sormi
480 2561 515 2620 lic
532 2564 622 2643 pinxit
635 2565 765 2644 Apellen

99 2658 147 2716 Sic
167 2657 318 2734 composta,
339 2655 420 2728 eloe,
440 2656 557 2717 crederis
577 2659 628 2718 else
641 2659 747 2719 Venor.

201 2878 267 2958 An
286 2878 412 2956 Bruta
431 2873 619 2980 cogitent?
667 2874 787 2980 Neg'.

60 3058 204 3193 DUM
223 3079 298 3120 nova
315 3061 443 3140 supponit
457 3058 535 3167 soleis
548 3059 710 3119 fundamina
721 3060 791 3122 tritis

177 3155 312 3236 Angusta
322 3152 427 3217 clausor
438 3154 528 3309 liprtze
540 3153 622 3237 cerdo
635 3153 722 3226 case,
