2002 3674
155 207 807 294 Qunnnnuusnrrnrn.
876 223 917 307 ες

50 326 184 388 Aeclives
195 325 319 406 pendent
328 327 431 397 laurus,
456 341 484 388 et
495 329 615 408 plurima
628 332 733 396 circum

91 418 257 480 Couiferum
269 419 352 497 pinus
363 419 474 503 projicit
484 433 543 480 atra
553 437 648 500 caput.

50 509 116 571 Hie
123 510 256 571 frondosa
267 510 346 571 rubet
354 512 476 592 turgenti
488 513 636 591 pampinus
648 514 713 586 uvi,

92 603 231 682 Canaque
243 603 353 663 vivaces
363 604 462 683 pandit
473 605 549 664 oliva
559 621 666 666 eumne.-

52 691 116 754 Hic
126 706 156 753 et
167 694 290 756 odorata
298 697 415 755 veniunt
426 694 534 755 feliciis
545 695 649 766 herbae,

93 787 296 870 Submiffusque
305 793 375 871 tegit
384 791 473 851 laetiur
484 792 571 851 aether
583 810 673 872 agroe.

52 879 177 940 AEtheria
187 895 271 962 atque
282 881 333 943 soli
344 901 412 963 quas
424 881 473 941 dat
484 881 595 941 Natura
605 901 656 961 per
666 880 776 960 orbem,

92 971 203 1034 Praestat
212 972 332 1040 diversas
343 987 386 1036 tot
393 972 537 1035 Teneriffa
547 973 633 1036 vices.

56 1245 122 1326 An
138 1242 238 1326 Idem
242 1244 388 1352 semper
403 1260 498 1351 agat
515 1204 649 1327 [demi
678 1215 917 1345 Affirmatur.

136 1463 272 1525 Ermanoa
285 1463 304 1501 ¹¹
315 1464 387 1524 iuter
397 1475 503 1522 veteres
515 1462 569 1524 hie
580 1463 644 1544 lege
653 1465 753 1544 puella

174 1563 305 1632 Munera,
325 1562 371 1619 eui
383 1561 468 1620 vellet
479 1561 594 1632 nubere,
614 1562 699 1622 mittit
710 1582 828 1635 amam

50 1652 103 1712 ‘Ne
115 1652 176 1724 sunt,
198 1673 260 1732 quae
270 1665 386 1732 tangant
397 1652 514 1712 studium
526 1652 663 1712 muliebre
673 1653 791 1728 decuria,
896 1703 899 1709 ,

93 1751 131 1809 Et
139 1768 258 1830 quorum
268 1748 385 1807 insinuet
397 1748 494 1807 mollia
505 1747 589 1808 corda
601 1751 683 1809 nitor.

55 1843 130 1925 Ergri
142 1844 220 1903 nefas
231 1861 299 1903 auru
309 1843 455 1905 discretam
467 1843 577 1902 mittere
588 1844 704 1921 pallam,

93 1944 152 1999 Aut
163 1952 282 2020 gemmae
294 1937 427 2018 ambigui
439 1938 501 1998 luce
512 1939 641 1998 micantis
652 1959 730 2019 opes.

55 2035 187 2102 Mittitur,
205 2035 341 2091 indomito
353 2034 401 2112 qui
413 2032 529 2093 fraenum
541 2033 668 2093 mordeat
678 2055 737 2106 ure,

94 2128 159 2186 Nec
171 2135 276 2183 metuat
288 2122 353 2180 saevi
367 2141 507 2180 murmura
520 2124 624 2191 martis,
643 2143 730 2203 equus
742 2140 751 2182 t

54 2221 207 2282 Mittuntur
217 2213 341 2273 scabrosa
349 2213 441 2271 hostili
453 2211 586 2293 sanguiue
598 2212 664 2283 tela,

92 2316 129 2372 Et
142 2310 215 2370 callis
227 2308 317 2388 patrio
329 2325 379 2386 pro
392 2307 448 2366 lare
460 2307 535 2366 sueta
547 2308 615 2388 geri.

54 2406 159 2475 Bellica
172 2423 238 2484 gens
250 2414 389 2479 utcunque
402 2399 477 2458 leves
489 2399 602 2458 senetur
613 2400 714 2458 amoris
801 2480 805 2485 Ι

91 2497 226 2567 Delicias,
248 2494 367 2554 studium
379 2494 473 2552 martis
486 2491 574 2553 aberro
585 2494 692 2570 nequit

233 2743 250 2780 '⁸'
270 2739 372 2801 Tacitus
382 2743 411 2798 de
422 2739 539 2803 Moribus
550 2743 741 2802 Germanorum.
