2002 3674
137 178 198 248 108
394 172 736 241 CARMINA

131 295 250 355 Labitur
261 292 408 372 assurgens,
428 306 456 350 et
466 291 493 350 se
505 291 680 372 sequiturque
690 293 829 375 fugitque,

172 389 209 447 Et
219 386 290 446 redit
303 385 339 443 ad
349 385 470 461 primum
481 383 685 463 progrediendo
694 386 799 445 locum.

129 478 191 559 Ipse
209 479 271 538 cavi
293 477 395 556 pariter
415 475 520 552 rapitur
536 475 670 554 vertigine
682 478 757 555 gyri,
883 498 885 503 ·

168 575 206 632 Et
218 586 312 633 rnovet
322 571 369 653 iile
381 580 481 638 rotam,
501 566 569 626 durn
580 584 675 630 movet
685 570 736 628 illa
748 588 856 633 canem.

131 786 668 1011 AnContrariupoqqntcffin
682 815 955 927 eodemsubjem?
978 808 982 823 ’

508 948 649 1034 egatur.
996 963 997 970 Ν

129 1121 320 1243 PErtentant
330 1114 453 1173 Codrum
466 1113 547 1173 subiti
558 1113 658 1172 deliria
670 1117 772 1189 morbi,

233 1213 270 1269 Et
283 1228 453 1291 quacunque
465 1207 541 1265 videt
554 1207 670 1281 somnia,
690 1231 757 1271 vera
767 1227 852 1290 putat.

127 1305 335 1386 Hippocratem
345 1304 698 1384 aggreditur—Meiebam,
717 1305 806 1367 dulcis
817 1309 904 1379 amice,

50 1461 55 1468 ,
167 1403 276 1480 Proque
288 1401 441 1477 expeftatis
452 1418 515 1458 mua
526 1417 613 1477 vagus
624 1400 681 1457 exit
690 1401 784 1478 aquis:

129 1493 208 1554 Durn
219 1495 329 1573 loquor,
347 1493 413 1562 huc,
432 1493 500 1550 illue
509 1490 644 1550 inclusum
659 1492 768 1552 curfitat
780 1513 887 1576 agmeu3

166 1586 338 1665 Erosumque
348 1587 426 1664 angit
438 1584 549 1645 stridula
561 1585 643 1644 turba
651 1585 737 1662 jecur.

128 1681 184 1742 Cui
194 1680 316 1742 medicus
327 1677 541 1765 ridens-Hosti
551 1680 703 1738 contrarius
714 1679 798 1741 hostis

168 1776 293 1857 Pugnet;
311 1773 353 1835 vir
375 1794 466 1837 mures
486 1772 607 1852 pellere?
627 1774 712 1835 Sume
731 1790 833 1841 catum.

129 2070 193 2149 An
209 2065 467 2173 Accretiofiat
479 2080 550 2173 per
567 2065 849 2154 Nutritionem?
886 2063 952 2153 At.

128 2255 291 2380 SEptenos
304 2255 386 2314 foetus
395 2254 502 2334 quoties
514 2255 596 2315 enixe
604 2253 679 2332 jacet
690 2255 747 2328 sur,

228 2348 265 2407 Et
275 2345 391 2406 distenta
399 2347 496 2408 sovent
508 2347 593 2408 ubera
603 2346 689 2406 molle
701 2366 786 2426 pecus
791 2374 803 2419 ς

127 2441 189 2502 Ede
201 2442 281 2512 mihi,
300 2441 447 2518 Corydon,
465 2441 536 2501 dixit
546 2461 616 2521 puer
626 2441 780 2520 improbus,
799 2445 871 2507 unde

167 2537 253 2594 Larte
263 2546 371 2592 tument
380 2533 490 2613 reliqui,
509 2536 638 2613 septimus
651 2535 735 2616 usque
748 2543 858 2599 macer?

29 2666 39 2670 r.
128 2630 176 2688 An
189 2627 266 2709 quod
276 2625 347 2684 saeva
359 2645 457 2702 parens
469 2627 544 2686 hune
555 2631 674 2707 respuit?
695 2651 730 2690 an
742 2636 810 2712 quia
820 2631 919 2715 pinguis

167 2722 238 2784 Esca
258 2719 405 2780 sacerdotis
427 2719 460 2779 tit
479 2720 569 2780 minus
593 2737 659 2802 apta
680 2726 771 2804 gulae?

128 2817 277 2879 subridens
288 2814 432 2891 Corydon,
452 2835 509 2876 non
528 2817 588 2876 odit
599 2818 675 2877 lauta
686 2819 823 2894 sacerdos,

165 2911 326 2972 Porcellove
347 2929 445 2990 parens
467 2911 552 2970 ubera
572 2911 685 2983 claudit,
704 2915 753 2973 ait.

128 3003 201 3065 Hae
212 3003 293 3064 causa
304 3003 353 3071 est;
376 3004 457 3061 alitur
468 3002 546 3082 large
559 3004 627 3063 dum
639 3018 738 3064 caetera
746 3007 850 3085 proles,

166 3096 251 3158 Hanc
264 3115 337 3160 uxor
348 3093 436 3160 caret
448 3096 571 3167 retrahit,
594 3115 662 3179 ergo
674 3118 769 3160 macra
781 3101 829 3163 est.
896 3124 907 3155 κ
996 3144 997 3151 ,
