2002 3674
171 170 741 271 outonnouslnrnnrn.
843 205 885 281 37
961 236 965 245 .

61 298 179 380 Congreffis
189 302 268 381 plebs
289 321 370 379 aequa
382 300 467 370 favet,
486 300 555 360 dum
565 300 662 379 pluma
673 301 763 378 galeri

88 395 220 456 Versrcolor
236 397 360 456 stimulos
379 395 457 457 addit
475 397 583 474 utrique
601 414 698 455 novos.

65 483 213 553 Hitcraffum
231 493 348 551 ostentat
367 505 460 570 caput,
478 491 657 572 ingentesque
668 492 785 552 lacertos

89 581 204 646 Horridus
215 611 225 654 ς
244 587 292 646 irre
305 587 390 665 agiles
403 599 481 664 aptat
492 587 529 646 od
542 605 619 646 arma
633 607 741 647 manue.

65 665 156 735 Protinus
173 678 303 737 insultans
316 680 386 737 duro
398 680 504 737 hostem
523 677 592 737 suste
603 679 714 748 laceffit,

90 763 195 828 Defricat
213 785 241 828 et
259 769 358 829 crebro
369 771 482 828 vulnere
495 784 641 849 utrumque
654 772 736 831 latua.

64 850 166 921 luuntur
186 864 321 940 Corydon
339 865 469 940 repetitos
490 862 604 941 despicit
616 863 696 932 ictus,

90 950 151 1015 Dum
168 977 277 1016 memor
294 957 419 1036 opposrtai
436 959 556 1038 protegit
572 976 621 1016 ora
633 977 729 1018 manu.

62 1041 117 1121 Qtin
126 1049 198 1109 lateri
210 1052 398 1128 nequicquam
410 1051 512 1130 infigit,
530 1052 642 1128 Tityre,
659 1051 756 1132 plagas
766 1077 777 1120 t

87 1136 171 1199 Sentiri
182 1142 202 1198 fi
213 1143 255 1200 vis
267 1142 390 1213 verbera,
408 1143 493 1202 tunde
505 1156 597 1222 caput.

89 1411 147 1486 An
165 1407 347 1487 Privario
356 1407 412 1509 fit
436 1405 705 1514 Principium?
747 1407 849 1493 Aff‘.

80 1589 106 1651 N
124 1594 194 1654 cellai
207 1594 315 1653 bibulus
328 1595 392 1654 ciam
405 1613 494 1672 caupo
511 1596 671 1656 reconderet
682 1594 740 1654 ima

108 1686 244 1747 Nondum
259 1706 330 1764 pura
350 1687 412 1744 satie
425 1690 501 1754 vina,
520 1708 571 1745 nec
588 1702 654 1765 apta
664 1688 743 1754 bibi;

60 1771 108 1850 fic,
126 1782 226 1860 iuquit,
245 1782 332 1861 longo
351 1781 438 1840 satius
457 1784 590 1841 maturior
613 1801 684 1850 aevo,

78 1874 138 1953 Ipse
155 1876 262 1934 animos
284 1875 381 1944 sumes,
401 1877 520 1944 Bacche,
538 1877 635 1935 dature
653 1894 752 1934 novor.

60 1962 163 2046 'empus
174 1971 236 2038 erit,
256 1970 321 2029 curn
332 1984 362 2027 tu
379 1971 463 2048 pleno
478 1970 615 2030 redivivus
625 1971 654 2029 in
673 1988 740 2028 auro

78 2062 172 2119 Multa
188 2063 258 2120 feret
272 2063 369 2137 juveni
391 2063 502 2141 gaudia,
522 2063 610 2121 multa
622 2061 688 2120 seni.

60 2150 86 2212 [st
97 2169 191 2213 tamen
203 2155 375 2230 expectanda
386 2155 462 2219 dies;
482 2173 538 2210 non
550 2154 612 2211 haec
625 2151 676 2208 tibi
688 2150 785 2220 virtue,

80 2245 149 2305 Non
160 2247 222 2304 haec
232 2246 292 2303 vita
303 2244 389 2321 prius,
408 2242 494 2320 quam
507 2242 642 2311 moriaris,
660 2240 720 2300 erit.

60 2527 107 2604 dn
127 2526 255 2603 Bruta
266 2535 338 2627 per
366 2515 577 2618 Instinblum
607 2518 731 2626 Opera
755 2514 903 2627 perfici-

349 2647 449 2727 ant?
496 2646 597 2730 Aff‘.

60 2835 183 2958 PUlicis
200 2833 295 2911 exigui
314 2845 408 2890 tenues
433 2851 481 2909 per
504 2831 577 2889 colla
599 2842 709 2888 catenas

131 2927 240 2985 Nexuit
253 2924 347 2982 artifici
361 2922 455 2999 pulcra
469 2923 592 2979 Corinna
605 2939 699 2978 manu.

60 3017 105 3089 sic,
123 3019 225 3097 inquit,
243 3037 316 3096 pavo
329 3017 432 3093 Junoni
444 3018 547 3084 chara;
567 3013 711 3093 palumbes

89 3115 134 3175 Sic
151 3113 275 3180 Veneri;
295 3111 389 3189 pulex,
409 3121 439 3168 tu
452 3110 521 3169 mihi
534 3122 626 3188 gratus
639 3109 700 3167 eris.

479 3200 510 3258 D
