2002 3674
185 126 764 237 ouannnisussnrnnrn.
853 159 890 227 n

75 266 159 331 sanein
167 271 260 331 artifici
273 269 354 329 miles
366 269 441 329 mala
452 270 540 329 multa
551 286 688 349 precatur,

99 363 158 422 Tanr
168 365 257 422 dirnsn
269 364 374 441 primus
385 365 434 440 qui
445 362 591 424 fabricavit
602 387 715 445 equum.

75 448 184 517 Debueras
193 459 237 516 vel
251 477 335 535 equo,
354 457 432 515 saber
444 458 580 534 improbe,
599 459 680 519 seffile
691 459 812 533 dorsum,

99 545 142 612 Vel
152 568 264 626 quernas
278 549 365 625 equiti
375 549 553 626 suppeditasse
567 564 653 610 nates.

75 628 120 694 Huc
129 642 240 718 equitate
253 644 355 698 vocas?
374 638 460 719 qualrn
472 642 586 702 mallens
597 643 642 701 vel
655 643 738 720 pedes
749 645 800 715 ire,

100 726 164 790 Vel*
175 733 311 802 Prodere,
329 746 377 790 tuo
389 732 494 810 serpere
504 748 577 793 tutus
590 754 673 814 equo.

68 970 119 1051 An
132 978 340 1085 Motusfiat
349 995 421 1085 per
439 982 524 1060 Vim
541 1008 567 1058 a
585 977 812 1083 Projiciente
828 979 899 1060 im·

294 1091 474 1197 preffam?
532 1088 608 1169 'Aff
612 1102 634 1173 ¹.

112 1271 137 1332 U
148 1274 184 1332 M
203 1276 327 1334 medium
340 1277 433 1355 ignitis
444 1276 550 1336 fulmen
561 1277 634 1335 secat
646 1294 710 1334 aera
721 1278 830 1354 pennis,

156 1364 215 1422 Cur
226 1362 328 1422 subitus
342 1378 418 1423 moto
431 1364 515 1443 surgit
527 1368 556 1423 in
569 1384 620 1423 axe
632 1364 742 1442 fragor?

60 1438 105 1509 Cur
115 1455 219 1513 Phariae
232 1456 370 1533 trepidant
382 1471 478 1525 turres,
497 1456 658 1534 Rhodiique
670 1456 771 1526 coloffi,

84 1540 119 1603 Et
127 1545 230 1604 dubius
242 1548 359 1604 tremulo
370 1548 472 1605 vertice
484 1560 563 1605 nutat
573 1548 684 1606 Athos?

60 1617 90 1688 lie
100 1648 194 1695 movet
205 1638 309 1695 aerium
321 1649 453 1694 montana
464 1639 610 1695 cacumina
621 1637 753 1714 sulphuri

80 1728 127 1791 Sic
139 1731 230 1808 quatit
242 1732 358 1807 exiguus
371 1727 436 1787 saxa
447 1727 564 1806 superba
575 1730 668 1805 lapis?

60 1810 110 1883 lon
122 1844 159 1883 ea
169 1827 211 1884 vis
224 1824 273 1882 teli
284 1825 338 1891 est,
358 1823 404 1881 sed
413 1835 484 1882 totas
497 1824 611 1882 horrida
622 1823 693 1883 vires

78 1914 178 1976 Exerit
187 1919 217 1976 in
226 1935 313 1993 parvo
326 1916 442 1975 fulmine
454 1915 550 1974 dextra
562 1917 649 1994 Jovis.

60 1996 113 2066 lec
124 2007 217 2087 lapidi
226 2020 366 2078 terrorem,
386 2009 445 2065 haec
458 2007 567 2087 ignibus
580 2008 674 2084 adjicit
686 2008 743 2066 alas
750 2031 760 2075 3

77 2098 146 2159 Nec
155 2101 232 2158 valet
244 2113 337 2158 amoto
348 2100 455 2157 fulmen
466 2101 570 2157 inerme
582 2100 655 2158 Deo.

60 2185 122 2253 leu!
145 2192 242 2251 frustra
255 2192 333 2269 fingit
346 2192 508 2248 Salmoneus
521 2210 598 2248 arma
609 2192 758 2260 Tonantis,

77 2285 123 2345 Ni
136 2297 248 2365 poterat
259 2283 338 2362 fingi,
358 2300 420 2360 quae
432 2294 526 2373 nrovet
535 2301 621 2354 uma,
639 2302 747 2343 manus.

61 2523 106 2600 sn
143 2516 288 2598 Mixtio
308 2516 369 2706 fib
400 2517 639 2707 ageratoflrrum
674 2512 904 2626 miscibilium

361 2628 436 2706 nio,
505 2634 541 2707 A
583 2640 604 2710 ¹.

61 2811 235 2941 NYmpha
246 2813 293 2872 lfis
304 2812 409 2872 medios
423 2829 505 2889 agros
516 2809 584 2868 dum
593 2811 658 2869 laetn
667 2824 799 2888 pererrat,

180 2907 298 2965 Incaluit
309 2906 428 2965 madidae
437 2905 545 2963 Tamus
559 2922 650 2962 amore
661 2906 743 2963 Deae.

61 2998 140 3074 aerpir
152 3016 249 3057 amans
260 2999 368 3068 tacitns,
388 2994 544 3076 sinuosaque
556 2996 669 3056 brachia
681 3000 784 3060 circum
832 3072 838 3081 Ι

85 3088 203 3158 Fundit,
222 3103 250 3148 et
259 3102 362 3150 aeterno
375 3091 478 3150 soedete
486 3090 577 3169 jungit
587 3110 684 3170 aquas.

169 3242 188 3279 ‘⁸'
199 3242 304 3302 Prolltr
312 3264 380 3325 equos
390 3245 463 3324 qusint
469 3244 576 3324 pefflmor
587 3244 769 3326 Ircarrsolitur.
